timestamp ms,type,amount,price
1622505630496000,1,13.75457044,2700.1200
1622505630498000,1,13.75457044,2700.1200
1622505630503000,1,11.53024532,2700.1200
1622505634134000,1,5.79520761,2698.8300
1622505640683000,1,2.77829301,2697.8600
1622505640683000,1,4.18758047,2697.7600
1622505640711000,1,11.69741953,2697.7600
1622505640711000,1,3.70439068,2697.6300
1622505645263000,1,7.88389905,2695.4700
1622505646271000,1,0.69997931,2695.4500
1622505650155000,1,0.00783358,2694.8100
1622505660866000,0,0.02737605,2693.4600
1622505671336000,0,0.95361283,2695.0400
1622505671342000,0,0.00000001,2695.0400
1622505673755000,0,0.63857737,2696.0400
1622505673770000,0,0.00000001,2696.0400
1622505677176000,1,0.57304943,2694.8500
1622505677176000,1,0.26713684,2693.6200
1622505682063000,1,3.00000000,2694.1600
1622505686309000,0,1.84828801,2697.4400
1622505692425000,0,0.59463764,2698.0000
1622505699586000,1,2.77526711,2700.6800
1622505699810000,0,36.20000000,2699.7800
1622505699813000,0,0.05245918,2699.7800
1622505701119000,0,0.76287941,2702.6200
1622505701134000,0,0.00000001,2702.6200
1622505702217000,0,0.03902773,2701.6700
1622505704610000,0,0.43399294,2704.5100
1622505704613000,0,0.15041047,2704.5100
1622505707726000,0,0.60918736,2705.9600
1622505709130000,0,0.79267207,2705.9200
1622505709231000,1,0.20000000,2704.7300
1622505709231000,1,0.02000000,2704.7300
1622505709231000,1,0.56442282,2704.7300
1622505712482000,0,0.06000000,2708.3800
1622505712482000,0,0.03207971,2708.7900
1622505716695000,0,0.57304944,2706.6900
1622505716695000,0,2.77328651,2707.0000
1622505716695000,0,2.29337918,2707.1800
1622505716695000,0,1.13056364,2707.2500
1622505716695000,0,0.45223170,2707.2500
1622505716695000,0,0.20000000,2707.2600
1622505716695000,0,1.07808282,2707.2700
1622505717178000,1,0.02862189,2706.6700
1622505730378000,0,0.00783358,2711.0100
1622505730378000,0,3.85716874,2712.3700
1622505730392000,0,7.51472150,2712.8400
1622505737567000,0,6.08870306,2716.8700
1622505737574000,0,13.73265206,2717.9200
1622505739446000,0,0.65300000,2716.0600
1622505740449000,0,0.00017784,2716.0600
1622505740449000,0,12.60782216,2717.9200
1622505740752000,0,0.02607745,2716.0700
1622505740752000,0,0.71925659,2716.0700
1622505740912000,0,0.62638231,2716.2300
1622505741087000,0,0.57573410,2716.2000
1622505741503000,0,0.71829472,2716.2400
1622505741506000,0,0.00000001,2716.2400
1622505741816000,0,0.71566694,2716.3200
1622505742331000,0,0.75200000,2716.1900
1622505742334000,0,0.00064930,2716.1900
1622505744111000,0,0.75372914,2716.2100
1622505744337000,0,3.25952578,2717.9200
1622505746715000,1,0.05000000,2715.8200
1622505746715000,1,0.20000000,2715.7000
1622505746715000,1,0.36687330,2715.7000
1622505746865000,1,0.02000000,2715.8300
1622505746865000,1,0.20000000,2715.7200
1622505746865000,1,0.37099605,2715.7100
1622505747185000,0,0.62286037,2715.8400
1622505750120000,1,0.08464993,2717.6200
1622505754140000,0,7.81419183,2721.8500
1622505754140000,0,6.09733449,2721.8600
1622505768175000,0,2.53300000,2721.8100
1622505768175000,0,0.02862189,2721.9500
1622505769161000,0,0.44980105,2723.2600
1622505774116000,0,0.03999999,2724.0000
1622505778087000,0,0.00000001,2724.0000
1622505778087000,0,0.50000000,2725.0000
1622505778087000,0,0.36840888,2725.0000
1622505778087000,0,1.00000000,2725.1300
1622505778111000,0,0.69346357,2725.3100
1622505789903000,0,2.75335649,2725.7500
1622505790096000,0,1.00000000,2726.5400
1622505791699000,0,0.00778484,2727.9800
1622505791699000,0,0.00798733,2728.4600
1622505797033000,0,0.22000000,2730.0000
1622505797033000,0,0.20777102,2730.0000
1622505797033000,0,0.01222898,2730.0000
1622505797033000,0,1.00000000,2730.0000
1622505797033000,0,0.13740709,2730.0000
1622505797145000,0,0.86259291,2730.0000
1622505797145000,0,0.57304944,2730.2100
1622505797145000,0,0.17000000,2730.7900
1622505797145000,0,0.20000000,2730.8100
1622505797145000,0,5.50055119,2730.8300
1622505797145000,0,0.72460213,2731.4300
1622505797145000,0,1.50000000,2731.5000
1622505797145000,0,0.40900305,2731.6900
1622505798804000,0,2.74814869,2731.5800
1622505798804000,0,1.50000000,2731.6800
1622505798804000,0,3.66419826,2731.8300
1622505803415000,0,2.92803375,2730.0300
1622505805467000,0,0.01000000,2729.0100
1622505809993000,0,0.61822964,2727.1000
1622505812412000,0,0.58914763,2726.7300
1622505812528000,1,1.40000000,2724.6900
1622505813205000,1,0.89611217,2723.7100
1622505813234000,1,0.04333907,2723.7100
1622505813991000,0,0.01000000,2725.1300
1622505822834000,0,0.02000000,2722.6800
1622505825448000,0,1.37000000,2723.6100
1622505831754000,0,1.89700000,2724.2800
1622505833467000,0,0.67626604,2726.3000
1622505840681000,0,0.44916403,2726.7100
1622505840736000,0,0.00000001,2726.7100
1622505840816000,0,0.58836478,2726.8100
1622505840846000,0,0.00000001,2726.8100
1622505845508000,1,0.01649917,2723.9800
1622505847766000,1,0.69893832,2723.9100
1622505855956000,1,0.04000000,2719.9600
1622505875758000,0,2.75800714,2721.3500
1622505875758000,0,0.00000001,2721.3500
1622505875758000,0,3.67745729,2721.4800
1622505875967000,0,0.21400577,2722.0200
1622505876015000,0,0.23547402,2722.0200
1622505894369000,0,0.15640968,2726.1100
1622505900313000,1,0.02000000,2723.3600
1622505900313000,1,0.80560109,2723.3500
1622505900313000,1,6.21021067,2723.3100
1622505900313000,1,9.48644611,2722.9700
1622505900313000,1,1.50000000,2722.9700
1622505900313000,1,3.67031714,2722.9600
1622505900313000,1,3.30742499,2722.8800
1622505901501000,1,7.91472150,2723.0300
1622505901501000,1,0.02000000,2723.0200
1622505901501000,1,0.56527850,2723.0200
1622505922884000,1,0.02000000,2721.1100
1622505922884000,1,0.72733954,2721.0900
1622505922884000,1,0.25266046,2720.9000
1622505931222000,0,2.81519662,2724.3300
1622505931223000,0,3.59159408,2724.3300
1622505931224000,0,3.00142604,2724.3300
1622505931254000,0,1.75364218,2724.3300
1622505931333000,0,2.38286228,2724.3300
1622505931986000,0,1.11455723,2724.3300
1622505932001000,0,0.07421708,2724.3300
1622505932020000,0,13.26650449,2724.3300
1622505937174000,0,0.66600000,2726.2200
1622505943276000,0,2.34000000,2730.0000
1622505944676000,1,0.20905299,2727.7200
1622505945647000,0,0.78980304,2729.1500
1622505947180000,0,0.80302901,2730.1700
1622505947297000,1,0.00781250,2728.1900
1622505947857000,1,0.03015385,2728.3200
1622505948508000,1,0.01146383,2728.1900
1622505959713000,0,7.40000000,2732.0700
1622505959713000,0,3.66188935,2732.2000
1622505968554000,1,0.34310814,2729.3400
1622505995757000,1,7.40000000,2726.8600
1622506046834000,1,1.55000000,2725.8000
1622506048987000,0,0.80438080,2727.2800
1622506048987000,0,7.39961920,2727.2900
1622506049829000,1,7.40000000,2725.4800
1622506049967000,0,7.91472150,2727.1400
1622506049967000,0,7.40000000,2727.1500
1622506049967000,0,6.11727850,2727.2600
1622506051013000,0,1.79000000,2726.8100
1622506051989000,0,6.01200000,2727.1400
1622506052996000,0,0.60328559,2726.6600
1622506052996000,0,7.40000000,2726.6700
1622506052996000,0,0.71318773,2727.1100
1622506052996000,0,7.50527000,2727.1400
1622506052996000,0,8.02803153,2727.2600
1622506052996000,0,7.39961000,2727.2800
1622506052996000,0,0.44843139,2727.2900
1622506052996000,0,9.83418376,2727.3000
1622506053984000,0,0.50273800,2726.2700
1622506053984000,0,1.44826200,2726.2800
1622506055008000,0,1.44826000,2726.2700
1622506055008000,0,2.75226600,2726.4100
1622506055008000,0,3.66947400,2726.5900
1622506055965000,0,0.25136900,2726.2900
1622506055965000,0,7.39963100,2726.3000
1622506056964000,0,0.12568450,2726.1500
1622506056964000,0,7.40000000,2726.1600
1622506056964000,0,3.29631550,2726.2900
1622506058000000,0,0.06284225,2725.8000
1622506058000000,0,2.75283647,2725.8100
1622506058000000,0,8.69032128,2726.1500
1622506059034000,0,0.03142112,2726.0900
1622506059034000,0,0.02000000,2726.0900
1622506059034000,0,0.02000000,2726.1100
1622506059034000,0,0.44867827,2726.1300
1622506059034000,0,0.22590061,2726.1500
1622506060025000,0,4.98200000,2725.7900
1622506060995000,0,1.00272113,2724.9200
1622506060995000,0,2.75361762,2724.9600
1622506060995000,0,3.67149016,2725.1300
1622506060995000,0,0.06617109,2725.6700
1622506062894000,1,5.29427534,2723.0100
1622506064005000,0,2.75396701,2724.6800
1622506064005000,0,3.67195601,2724.8500
1622506064005000,0,0.00007698,2725.3100
1622506064987000,0,0.44876062,2725.3000
1622506064987000,0,6.39718148,2725.3100
1622506064987000,0,5.50795144,2725.6500
1622506064987000,0,5.50786274,2725.6800
1622506064987000,0,0.44881994,2725.7800
1622506064987000,0,0.73801523,2725.9600
1622506064987000,0,4.81040855,2725.9700
1622506066964000,0,4.81040000,2725.9600
1622506066964000,0,1.78008811,2726.1500
1622506066964000,0,4.10331450,2726.2900
1622506066964000,0,0.00021400,2726.5900
1622506066964000,0,4.56798339,2726.8100
1622506068027000,0,0.57300000,2727.8500
1622506087087000,0,1.65975898,2727.6000
1622506087096000,0,1.09107603,2727.6000
1622506087145000,0,3.66778001,2727.7700
1622506107512000,1,7.99999999,2730.1900
1622506114427000,1,0.00000001,2730.1900
1622506120634000,1,1.31970948,2729.9800
1622506120634000,1,6.08029052,2729.9800
1622506132618000,0,1.42324440,2732.6700
1622506132656000,0,1.86675560,2732.6700
1622506132698000,0,1.51100000,2732.7300
1622506134424000,0,3.00000000,2733.0000
1622506138616000,0,0.89645000,2735.0000
1622506142588000,0,2.67798676,2735.0000
1622506142611000,0,2.42556324,2735.0000
1622506142716000,0,0.01710611,2735.2100
1622506144151000,0,0.47151894,2736.0000
1622506144443000,0,5.02848079,2736.0000
1622506144942000,0,0.01400000,2737.1000
1622506144942000,0,0.89751715,2737.1700
1622506146146000,1,0.15796464,2735.7300
1622506156756000,0,2.74147000,2736.7600
1622506157395000,1,2.92803375,2736.0100
1622506168889000,0,0.00000018,2736.7600
1622506168889000,0,2.68590751,2737.6600
1622506189955000,1,4.82872311,2734.5500
1622506189957000,1,2.74203940,2733.9200
1622506189957000,1,4.45917569,2733.5800
1622506189961000,1,4.99357863,2734.6700
1622506189965000,1,2.40642137,2734.6700
1622506189983000,1,13.74433724,2734.3100
1622506189984000,1,1.15566746,2734.3100
1622506190017000,1,10.05499530,2734.3100
1622506190017000,1,0.85579649,2734.1700
1622506190020000,1,0.20000000,2733.3800
1622506190026000,1,0.14353048,2732.8800
1622506190026000,1,7.30977801,2732.8700
1622506190042000,0,3.65599365,2733.3500
1622506190073000,1,1.07624473,2733.2600
1622506190842000,1,0.86522266,2730.9100
1622506190853000,1,0.42477734,2730.9100
1622506190992000,0,0.19999999,2732.7200
1622506191000000,0,0.00000001,2732.7200
1622506194738000,1,0.36800000,2730.1000
1622506194861000,1,0.00090581,2730.1000
1622506200427000,0,2.74777195,2730.9300
1622506200460000,0,2.74777000,2730.9200
1622506200495000,0,2.74777195,2730.9200
1622506200507000,0,1.90445805,2730.9200
1622506200507000,0,0.00000001,2730.9300
1622506200513000,0,4.57970277,2731.1900
1622506200638000,0,5.49620025,2731.8900
1622506200642000,0,0.00000001,2731.8900
1622506200642000,0,5.49593763,2732.0200
1622506200642000,0,7.32835453,2732.0500
1622506200748000,0,0.46181302,2731.8800
1622506200753000,0,0.46215221,2731.8800
1622506200766000,0,6.99075627,2731.8800
1622506208443000,0,1.41366156,2732.6400
1622506208443000,0,1.33203771,2732.6400
1622506208443000,0,1.38956969,2732.6500
1622506221443000,0,2.74658779,2731.6600
1622506221499000,0,2.43568887,2732.0200
1622506221585000,0,2.14242774,2732.0200
1622506221585000,0,0.20970832,2732.1500
1622506222427000,0,5.28344982,2732.1500
1622506222427000,0,4.57778608,2732.2200
1622506222632000,0,2.74658778,2731.6600
1622506223316000,0,0.00000001,2731.6600
1622506223316000,0,4.57811659,2732.0200
1622506223320000,0,0.00000002,2732.0200
1622506223436000,0,0.36800000,2732.1500
1622506225026000,0,0.00000001,2732.2200
1622506225026000,0,2.74525967,2732.3800
1622506227321000,1,2.74646682,2731.2200
1622506227324000,1,3.66206569,2731.2200
1622506227519000,1,1.28867000,2731.2200
1622506231063000,0,2.74646000,2731.4000
1622506235175000,0,0.00000557,2731.4000
1622506235193000,0,2.74573292,2731.9100
1622506235418000,0,0.00000001,2732.3800
1622506235418000,0,0.36289656,2732.4000
1622506235419000,0,2.38236577,2732.4000
1622506235610000,0,2.74526233,2733.1500
1622506236129000,0,0.27599999,2733.3400
1622506236130000,0,0.00000001,2733.3400
1622506238166000,0,0.27099999,2734.0200
1622506238172000,0,0.00000001,2734.0200
1622506241692000,0,0.87311733,2735.8500
1622506251376000,0,3.12623200,2735.6800
1622506251479000,0,4.27376800,2735.6800
1622506255674000,0,1.15600000,2738.2000
1622506257498000,0,0.01835616,2738.5000
1622506268054000,1,7.40000000,2738.2400
1622506273389000,0,7.40000000,2738.4000
1622506273389000,0,0.98532419,2738.4000
1622506273389000,0,0.56808600,2738.9100
1622506273389000,0,0.44675583,2739.1000
1622506273389000,0,0.73848804,2739.1100
1622506273389000,0,6.39474223,2739.1200
1622506273412000,0,1.00525777,2739.1200
1622506275685000,0,0.19200000,2737.7300
1622506276188000,0,0.19400000,2738.4100
1622506276825000,0,0.18600000,2739.0900
1622506277725000,0,0.01010480,2739.5900
1622506277725000,0,0.23799999,2739.7700
1622506277749000,0,0.00000001,2739.7700
1622506277973000,0,0.40000000,2740.0000
1622506278929000,0,0.22400000,2740.4500
1622506279518000,0,0.21200000,2741.1300
1622506281014000,1,7.40000000,2740.5400
1622506282377000,1,7.40000000,2739.4000
1622506282981000,0,0.22400000,2739.2800
1622506283096000,0,3.42839699,2739.2800
1622506283096000,0,0.02000000,2739.6400
1622506283096000,0,0.56808600,2740.2400
1622506283096000,0,0.02000000,2740.3500
1622506283096000,0,1.81480000,2740.8900
1622506283096000,0,7.30604019,2740.9000
1622506283096000,0,0.91638801,2741.1600
1622506294000000,1,6.44305000,2738.0100
1622506295001000,0,3.00000000,2739.7300
1622506296652000,1,0.07667962,2739.3300
1622506304560000,0,2.73830000,2740.0500
1622506304606000,0,0.00008312,2740.0500
1622506304606000,0,4.56401688,2740.5600
1622506321400000,1,8.05066000,2736.3300
1622506325315000,1,7.40000000,2735.5700
1622506325557000,1,0.14400000,2734.0500
1622506328469000,0,2.05117658,2735.3800
1622506328514000,0,0.14400000,2735.3800
1622506328530000,0,2.55560249,2735.3800
1622506328570000,0,6.87071756,2735.3800
1622506328676000,0,2.12025536,2735.3800
1622506328730000,0,1.79693955,2735.3800
1622506328766000,0,23.08750846,2735.3800
1622506346776000,1,7.54621000,2734.3700
1622506350026000,1,0.00091963,2734.0500
1622506350026000,1,0.36579645,2733.8900
1622506350026000,1,7.45191899,2733.5200
1622506350028000,1,0.14622454,2733.4000
1622506360187000,0,16.20000000,2731.4700
1622506360282000,0,4.30000000,2731.4700
1622506360368000,0,8.30000000,2731.4700
1622506360372000,0,2.35430000,2731.4700
1622506360506000,0,26.85880000,2732.1200
1622506362146000,1,0.20000000,2732.9100
1622506362146000,1,2.74246624,2732.9000
1622506362146000,1,3.65643479,2732.8400
1622506362146000,1,7.40000000,2732.3900
1622506362146000,1,9.69986715,2732.2900
1622506362146000,1,0.02000000,2732.2800
1622506362146000,1,6.46136075,2732.2700
1622506362146000,1,0.02000000,2732.2600
1622506362146000,1,2.20357107,2732.2600
1622506404134000,1,7.40000000,2731.6300
1622506404136000,1,7.91472150,2731.3800
1622506413729000,1,1.09350000,2733.2800
1622506422452000,1,7.39104540,2733.7800
1622506454862000,0,3.31300000,2734.2400
1622506454862000,0,1.15700000,2734.2400
1622506455168000,0,0.00700000,2734.2400
1622506468702000,1,2.74272412,2733.2400
1622506475116000,1,0.00000001,2733.2400
1622506498605000,0,7.40000000,2732.9500
1622506501992000,0,7.40000000,2732.2700
1622506502388000,0,7.40000000,2731.8600
1622506512685000,0,2.01818163,2729.4900
1622506512869000,0,5.38000000,2729.4700
1622506547066000,1,0.11151922,2727.9300
1622506549413000,1,0.15042633,2729.0900
1622506549736000,1,0.18381537,2729.0900
1622506550340000,1,0.36723932,2729.3600
1622506550906000,1,0.36723932,2729.5000
1622506551200000,1,0.18423687,2729.5000
1622506551484000,0,7.40000000,2730.8300
1622506551484000,0,2.74000000,2730.8800
1622506551614000,0,0.00716630,2730.8800
1622506551931000,1,0.02000000,2729.3900
1622506551931000,1,0.22443086,2729.3900
1622506552639000,0,7.40000000,2732.4100
1622506558593000,1,0.36723932,2732.7900
1622506567317000,1,3.94436589,2730.0400
1622506583635000,1,2.75802000,2728.1900
1622506589136000,1,2.26246267,2727.3000
1622506589366000,1,2.37843162,2727.3000
1622506591842000,1,2.64676413,2727.7700
1622506592015000,1,3.06081728,2727.7900
1622506592044000,1,1.98494102,2727.7900
1622506592044000,1,1.26467897,2727.7700
1622506605868000,1,2.20617753,2727.7100
1622506605879000,1,4.03300783,2727.7100
1622506605889000,1,1.16081464,2727.7100
1622506618110000,1,0.58200000,2723.3200
1622506667561000,0,3.67498197,2722.2700
1622506675575000,0,2.75664000,2721.5200
1622506690110000,0,0.11164695,2721.1200
1622506697928000,0,0.05000000,2719.8400
1622506715807000,1,2.28138692,2718.3300
1622506715808000,1,1.21689076,2718.3300
1622506715944000,1,2.95849483,2718.3300
1622506715952000,1,8.74153083,2718.3300
1622506715998000,1,2.78192588,2717.4500
1622506722373000,0,7.40000000,2718.0500
1622506732406000,1,0.04000000,2718.1900
1622506745858000,0,2.65000000,2720.3400
1622506749570000,0,0.00500000,2720.3400
1622506750195000,0,3.67000000,2722.0100
1622506784655000,1,2.75810270,2718.6400
1622506784655000,1,3.67747027,2718.4800
1622506784655000,1,7.34127633,2718.3500
1622506784656000,1,0.05872367,2718.3500
1622506784661000,1,0.20000000,2717.9800
1622506784661000,1,0.02000000,2717.9600
1622506784661000,1,4.59778606,2717.9500
1622506784661000,1,5.27646460,2717.8100
1622506784673000,1,2.72353540,2717.8100
1622506784673000,1,6.10785205,2717.6600
1622506784723000,1,3.17893711,2718.4900
1622506784825000,1,0.20000000,2717.8200
1622506784825000,1,4.59796772,2717.2900
1622506805194000,1,8.00000000,2715.3500
1622506805659000,0,7.40000000,2715.2300
1622506811944000,1,8.03886806,2713.8200
1622506811944000,1,6.03484313,2713.1700
1622506815500000,1,0.09000000,2713.0800
1622506820191000,1,0.00778484,2711.6800
1622506821096000,0,0.58200000,2711.9300
1622506821176000,0,6.81800000,2711.9300
1622506851484000,0,3.76596036,2717.2000
1622506851537000,0,0.73403964,2717.1800
1622506851537000,0,6.30133615,2717.1800
1622506851537000,0,0.38828282,2717.1800
1622506851537000,0,3.63403964,2717.2000
1622506851538000,0,1.11559652,2717.2200
1622506851542000,0,2.33301990,2717.2200
1622506851586000,0,3.95138358,2717.2200
1622506858011000,0,0.70328110,2719.6700
1622506861059000,1,3.05000000,2718.5900
1622506871506000,0,5.00000000,2719.8400
1622506876900000,0,0.02000000,2718.6700
1622506876900000,0,0.98000000,2718.6700
1622506890430000,0,2.16927000,2720.3000
1622506890451000,0,0.00000573,2720.3000
1622506891727000,0,1.30800000,2721.7900
1622506891988000,0,0.37324056,2721.7100
1622506903637000,1,3.14511119,2721.1000
1622506908510000,1,8.00000000,2718.9000
1622506930402000,1,7.40000000,2721.6800
1622506944408000,0,0.61700427,2725.8700
1622506946874000,0,0.63122867,2725.4400
1622506948567000,0,0.77000000,2725.9800
1622506953701000,0,0.00295172,2725.9800
1622506954209000,0,7.87147154,2727.6600
1622506954209000,0,0.30384088,2727.6700
1622506983299000,0,2.75425162,2724.3100
1622506983299000,0,3.67219149,2724.6000
1622506983299000,0,1.03601472,2724.7000
1622506983299000,0,5.50961826,2724.7100
1622506983299000,0,5.50973959,2724.7300
1622506983393000,1,6.51800000,2725.0000
1622506983401000,1,0.00018432,2725.0000
1622506993749000,0,0.44882740,2726.3400
1622507018107000,0,1.38848505,2725.4400
1622507052586000,0,2.75607160,2722.3000
1622507052586000,0,1.60600000,2722.3000
1622507052641000,0,2.29851155,2722.4700
1622507052667000,0,1.33300367,2722.4700
1622507052698000,0,0.04324691,2722.4700
1622507061108000,0,0.72832319,2724.3400
1622507093982000,0,2.28321373,2724.3800
1622507094752000,0,4.57300000,2724.7100
1622507094998000,0,13.80218233,2725.0000
1622507105097000,0,13.80316375,2725.0000
1622507105101000,0,1.29805045,2725.0000
1622507105103000,0,9.33922019,2725.0000
1622507105108000,0,4.25056439,2725.0000
1622507105142000,0,0.89346330,2725.0000
1622507105149000,0,6.61335559,2725.0000
1622507112171000,0,0.65276318,2727.7000
1622507112171000,0,1.16277593,2727.9700
1622507121281000,0,0.00778484,2727.9800
1622507121473000,0,2.55305628,2729.2000
1622507163258000,0,2.74971000,2728.7200
1622507201320000,0,1.64818042,2725.6300
1622507219741000,1,7.40000000,2724.8100
1622507219747000,1,7.91472150,2724.3300
1622507219747000,1,2.75198639,2724.2600
1622507219747000,1,3.13432320,2724.2300
1622507251866000,1,7.40000000,2721.3100
1622507251870000,1,7.57527178,2721.0500
1622507251870000,1,8.81600000,2721.0400
1622507252011000,1,2.05995212,2720.8100
1622507252039000,1,5.94004788,2720.8100
1622507334385000,0,2.46140786,2723.3900
1622507334489000,0,2.14500000,2723.3900
1622507334521000,0,0.00059214,2723.3900
1622507354408000,0,0.02000000,2728.4600
1622507354408000,0,8.25007790,2728.4600
1622507355023000,0,0.02000000,2728.4900
1622507355023000,0,4.35300000,2728.5000
1622507362543000,1,7.40000000,2729.4500
1622507374203000,0,0.02000000,2730.7300
1622507374203000,0,5.60333358,2730.7300
1622507378128000,0,1.22400000,2730.9300
1622507383195000,0,2.74630173,2732.1200
1622507386592000,0,2.74637908,2732.0600
1622507394619000,0,2.74240148,2736.2300
1622507400942000,1,2.65868000,2732.2500
1622507403069000,0,0.02000000,2732.2900
1622507403069000,0,7.38000000,2732.3000
1622507416274000,1,7.40000000,2728.3700
1622507434538000,1,5.15163254,2726.9900
1622507445300000,1,3.06372744,2726.0200
1622507464146000,1,2.45998772,2723.1800
1622507506014000,1,0.13970000,2721.9800
1622507519512000,1,0.50000000,2721.5700
1622507521696000,0,4.16374476,2723.1700
1622507525265000,1,0.65578000,2723.7400
1622507527415000,1,0.00000946,2723.7400
1622507533245000,0,0.30178464,2723.0800
1622507534892000,0,0.00000001,2723.0800
1622507535901000,0,1.24773747,2725.1100
1622507535904000,0,2.30932343,2725.1100
1622507535934000,0,1.95065887,2725.1100
1622507536038000,0,1.89228023,2725.1100
1622507536047000,0,2.76133065,2725.2300
1622507537201000,0,0.30000000,2726.4700
1622507561218000,1,0.05000000,2724.3000
1622507579591000,1,3.14334586,2721.1500
1622507585011000,0,2.75673564,2721.7600
1622507585629000,1,2.20245887,2721.8100
1622507585635000,1,3.97053521,2721.8100
1622507585727000,1,1.22700000,2721.8100
1622507585914000,0,2.75609895,2722.2800
1622507606459000,1,1.00000000,2718.3200
1622507626009000,0,1.57067633,2719.7800
1622507631521000,0,1.28436308,2719.0200
1622507631556000,0,1.47493551,2719.0200
1622507631665000,0,4.59883098,2719.5000
1622507632814000,0,4.25300000,2719.7800
1622507650917000,0,2.75000000,2719.1100
1622507651073000,0,0.00906872,2719.1100
1622507654948000,0,2.75906872,2719.1100
1622507655737000,0,2.11000000,2719.1100
1622507655875000,0,7.40000000,2719.1000
1622507655875000,0,2.55588735,2719.1100
1622507665572000,0,0.60000000,2718.3800
1622507665576000,0,2.15959221,2718.3800
1622507675500000,0,1.49000000,2719.1900
1622507680470000,0,0.00400000,2719.1900
1622507680622000,0,3.09759544,2719.9700
1622507681151000,0,6.43000000,2720.3600
1622507696418000,0,0.05000000,2720.1300
1622507774852000,0,0.30500000,2714.5200
1622507776078000,0,0.21900000,2715.2000
1622507783762000,1,7.77618349,2715.4300
1622507783762000,1,7.34640532,2715.4200
1622507783768000,1,0.66480775,2715.4200
1622507792487000,1,0.89108000,2715.6500
1622507794246000,1,0.00000977,2715.6500
1622507796169000,1,0.95928879,2713.1700
1622507811269000,0,0.16800000,2718.5000
1622507813201000,0,0.16300000,2719.1800
1622507813773000,0,0.17700000,2719.8600
1622507814123000,0,0.18300000,2720.5400
1622507815271000,0,0.16600000,2721.2200
1622507818016000,0,0.21500000,2721.9000
1622507819260000,1,0.20000000,2721.3600
1622507819376000,1,7.20000000,2721.3600
1622507825982000,0,0.75894331,2721.7900
1622507827446000,0,3.00000000,2721.5200
1622507829887000,0,0.15700000,2722.5800
1622507840485000,1,0.02000000,2721.1200
1622507840485000,1,0.00476348,2721.1100
1622507854373000,0,2.93166099,2725.5300
1622507882094000,0,2.75520361,2723.5500
1622507882094000,0,0.02000000,2724.0900
1622507882101000,0,5.51119206,2724.3400
1622507882101000,0,3.67285649,2724.4000
1622507882101000,0,4.67843616,2724.4500
1622507882101000,0,2.67194047,2724.4500
1622507882110000,0,0.53034087,2724.6900
1622507882110000,0,0.44914239,2725.0200
1622507882110000,0,1.12284064,2725.0200
1622507882110000,0,0.19834300,2725.0300
1622507882111000,0,1.88650000,2725.1100
1622507882111000,0,5.50928473,2725.2700
1622507882111000,0,6.46669998,2725.4800
1622507882123000,0,7.41988074,2725.4800
1622507882146000,0,5.54000000,2724.3900
1622507882198000,0,1.14000000,2724.3900
1622507882225000,0,0.02000000,2724.6800
1622507882232000,0,0.53034087,2725.0100
1622507882485000,0,1.12284064,2725.5700
1622507882485000,0,0.44914239,2725.5700
1622507882485000,0,1.22750304,2725.5800
1622507882486000,0,1.69176617,2725.5800
1622507882487000,0,1.14065861,2726.1100
1622507882831000,0,0.44914239,2726.5900
1622507882831000,0,0.12118691,2726.5900
1622507885311000,0,0.40234761,2730.0900
1622507885311000,0,0.12637028,2731.0200
1622507885311000,0,0.87128211,2731.0300
1622507885316000,1,0.20000000,2728.5900
1622507885316000,1,7.40000000,2728.5800
1622507885356000,1,0.87464695,2728.6000
1622507885392000,1,7.60000000,2728.6000
1622507885394000,0,1.12040000,2731.0100
1622507885394000,1,3.43235305,2728.6000
1622507885472000,1,0.20000000,2727.9300
1622507885721000,1,7.40000000,2728.7300
1622507886868000,1,7.40000000,2726.2000
1622507887199000,1,0.14423484,2725.7100
1622507887858000,1,3.13728054,2726.0000
1622507887944000,1,16.00000000,2725.5700
1622507887944000,1,0.19834000,2725.0300
1622507888084000,1,5.50883572,2726.1300
1622507888084000,1,1.89116428,2726.1300
1622507888282000,0,0.20000000,2726.4000
1622507888282000,0,4.50000000,2726.4100
1622507888282000,0,0.06318514,2727.0500
1622507888282000,0,0.02000000,2727.0500
1622507888282000,0,4.58900442,2727.0700
1622507888282000,0,4.58864786,2727.2800
1622507888282000,0,0.02000000,2727.8800
1622507888282000,0,0.44882927,2727.8900
1622507888282000,0,1.12206553,2727.8900
1622507888282000,0,4.37200204,2728.5200
1622507888282000,0,21.71650520,2728.5400
1622507888282000,0,7.40000000,2728.5800
1622507888282000,0,0.44871732,2728.6000
1622507888282000,0,0.06000000,2728.6900
1622507888282000,0,10.40296736,2728.7300
1622507888770000,1,6.92417536,2725.4100
1622507888816000,1,0.47582464,2725.4100
1622507889933000,1,7.91472150,2725.0100
1622507889933000,1,8.94527850,2725.0000
1622507890671000,1,18.36218118,2725.0000
1622507890723000,1,0.06318515,2725.0000
1622507890804000,1,2.75471018,2725.0000
1622507891017000,1,8.40148000,2725.0000
1622507891095000,1,9.05000000,2725.0000
1622507891185000,1,18.36277462,2725.0000
1622507891680000,1,0.03073029,2725.0400
1622507891680000,1,18.33228347,2725.0000
1622507891777000,1,2.03829966,2725.0000
1622507891777000,1,18.60000000,2725.0000
1622507891899000,1,2.75464333,2725.0000
1622507891947000,1,3.45000000,2725.0000
1622507892030000,1,5.05000000,2725.0000
1622507892120000,1,3.50000000,2725.0000
1622507892230000,1,18.36878501,2725.0000
1622507892258000,1,23.68000000,2725.0000
1622507892284000,1,2.05000000,2725.0000
1622507892654000,1,13.85025165,2725.0000
1622507892656000,1,13.85025165,2725.0000
1622507892767000,1,18.36802929,2725.0000
1622507892768000,1,13.85025165,2725.0000
1622507893052000,1,13.85025165,2725.0000
1622507893086000,0,4.50000000,2725.0100
1622507893086000,0,0.20000000,2725.0100
1622507893202000,1,0.05159000,2725.0100
1622507893202000,1,13.79845064,2725.0000
1622507894096000,1,13.84841158,2725.0000
1622507894100000,1,2.30159000,2725.0000
1622507894239000,1,0.40000000,2725.0000
1622507894287000,1,18.36470145,2725.0000
1622507897307000,0,0.20000000,2725.0100
1622507897969000,1,0.30000000,2725.0000
1622507898004000,1,18.36553874,2725.0000
1622507898476000,0,0.20000000,2725.2600
1622507898588000,0,0.44905006,2725.2900
1622507898588000,0,0.20000000,2725.2900
1622507899968000,1,36.73040000,2725.0000
1622507901787000,1,18.36616377,2725.0000
1622507901854000,1,1.24284527,2725.0000
1622507901922000,1,1.55000000,2725.0000
1622507903804000,0,0.44911000,2725.6300
1622507903895000,0,0.00000865,2725.6300
1622507903895000,0,0.44922090,2725.6500
1622507904069000,0,2.91932000,2726.0900
1622507910856000,1,9.03437128,2725.0000
1622507910973000,1,18.36530664,2725.0000
1622507913167000,1,18.36511205,2725.0000
1622507913406000,1,1.70000000,2725.0000
1622507913468000,1,1.96670000,2725.0000
1622507913685000,1,18.36841873,2725.0000
1622507913882000,1,4.59242297,2725.0000
1622507913900000,1,2.75486202,2725.0000
1622507913991000,1,0.65000000,2725.0000
1622507914217000,1,11.90635833,2725.0000
1622507914223000,1,18.36864303,2725.0000
1622507914821000,1,18.36840439,2725.0000
1622507915399000,1,18.36840439,2725.0000
1622507915739000,1,4.59242297,2725.0000
1622507915740000,1,2.75526066,2725.0000
1622507915757000,1,3.67368088,2725.0000
1622507916907000,1,2.75457035,2725.0000
1622507918145000,0,0.20000000,2725.4500
1622507918145000,0,0.02000000,2725.4600
1622507918145000,0,0.02000000,2725.5300
1622507918145000,0,5.50975041,2725.5400
1622507918145000,0,1.65024959,2725.6800
1622507918173000,1,2.75452572,2725.0000
1622507918601000,1,54.68400000,2725.0000
1622507919595000,0,2.75445000,2725.3100
1622507919852000,0,0.00000182,2725.3100
1622507922254000,0,2.20000000,2725.9800
1622507922647000,0,4.25000000,2726.6800
1622507922677000,0,1.25737725,2726.6800
1622507922736000,0,1.25737000,2726.4900
1622507925428000,0,4.58824000,2726.8700
1622507931338000,1,0.72082055,2725.1700
1622507931902000,1,0.43403963,2725.0000
1622507931999000,1,0.85699999,2725.0000
1622507935067000,0,7.40000000,2725.7000
1622507935775000,0,2.31011735,2725.8300
1622507935828000,0,0.44350025,2725.8300
1622507935834000,0,3.67149013,2725.8400
1622507938802000,0,2.75252000,2726.4500
1622507941110000,1,0.45607283,2725.1900
1622507942573000,1,0.27392717,2725.1900
1622507944861000,0,3.66993067,2726.3500
1622507944861000,0,0.43398933,2726.3500
1622507944968000,0,1.58101000,2726.3500
1622507946877000,0,0.00000067,2726.3500
1622507946877000,0,3.66992933,2726.3500
1622507947600000,0,0.00000010,2726.4500
1622507947600000,0,2.75171742,2726.8700
1622507947600000,0,2.75348248,2727.0000
1622507956364000,0,2.75121000,2727.3500
1622507959568000,1,7.40000000,2726.4400
1622507971908000,1,6.72393342,2725.3800
1622507971976000,1,42.41116244,2725.0000
1622507971977000,1,1.53405964,2725.0000
1622507972256000,0,0.10099265,2726.5800
1622507972256000,0,0.20000000,2726.5800
1622507972298000,0,8.06535046,2726.7400
1622507972298000,0,7.67735334,2727.2700
1622507972298000,0,0.00000692,2727.3500
1622507972501000,0,0.20000000,2727.2500
1622507972501000,0,8.01189039,2727.5700
1622507972501000,0,0.02000000,2727.5700
1622507972501000,0,4.50000000,2727.6100
1622507972511000,0,1.84350445,2727.7300
1622507972577000,1,0.72300000,2725.0000
1622507972702000,0,0.20000000,2727.7200
1622507972702000,0,0.10099264,2727.7200
1622507972702000,0,2.24749555,2727.7300
1622507972712000,0,1.94970000,2727.9900
1622507973103000,0,2.75280168,2726.3700
1622507973103000,0,5.38564905,2726.4100
1622507973249000,0,0.11994880,2726.4100
1622507973249000,0,3.66940167,2726.5000
1622507973249000,0,6.91540507,2726.8500
1622507975903000,0,2.75280000,2726.3700
1622507976128000,0,0.00000168,2726.3700
1622507976128000,0,3.66939832,2726.5000
1622507976269000,0,0.44865177,2727.2900
1622507976269000,0,3.66001106,2727.3000
1622507981640000,0,2.75147000,2726.8600
1622507989994000,1,0.68727503,2725.0500
1622507993777000,0,0.00000753,2726.8600
1622507995511000,1,6.51081152,2725.7400
1622508020464000,0,1.31621664,2727.1900
1622508020518000,0,4.58519787,2727.9000
1622508047995000,1,0.73999999,2728.4100
1622508048006000,1,0.38040001,2728.4100
1622508051632000,0,3.66486436,2729.5700
1622508056717000,0,0.50000000,2731.3600
1622508067387000,1,1.40000000,2727.7900
1622508067387000,1,0.02000000,2727.7600
1622508067387000,1,4.58000000,2727.7600
1622508116900000,0,0.00912466,2727.7700
1622508125803000,0,1.40000000,2728.4300
1622508200447000,1,3.66134665,2730.1700
1622508213511000,0,0.78748147,2734.1400
1622508290750000,1,0.02000000,2726.9200
1622508290848000,1,0.02000000,2726.9500
1622508304168000,0,2.75096548,2727.4000
1622508320748000,0,0.02000000,2728.9500
1622508320748000,0,1.98000000,2728.9500
1622508333166000,1,1.98000000,2725.9400
1622508335659000,0,0.77609778,2726.0800
1622508335659000,0,3.66919841,2726.6700
1622508335659000,0,0.78795827,2726.7400
1622508335659000,0,4.64403283,2726.9000
1622508335691000,1,57.57884007,2725.0000
1622508335844000,0,0.02000000,2726.6600
1622508335844000,0,0.11598374,2726.8900
1622508335844000,0,3.53576296,2726.9000
1622508335844000,0,8.80300000,2726.9100
1622508335844000,0,6.77534452,2727.0800
1622508335844000,0,8.26477993,2727.0900
1622508335844000,0,2.98588187,2727.1100
1622508335947000,1,5.02486436,2725.0000
1622508336217000,1,0.49279999,2725.0000
1622508336355000,1,0.72942372,2725.0000
1622508336623000,1,0.23720000,2725.0000
1622508337246000,0,2.75271000,2725.9500
1622508337383000,0,0.00000873,2725.9500
1622508337383000,0,3.67028127,2725.9600
1622508338927000,0,2.47594868,2725.9500
1622508339241000,0,0.27677005,2725.9500
1622508339241000,0,0.00001037,2725.9600
1622508339241000,0,2.22725637,2725.9600
1622508339241000,0,1.44303527,2725.9600
1622508339241000,0,0.56580986,2726.1800
1622508340667000,0,0.94351044,2725.9500
1622508341947000,0,0.61958950,2725.9500
1622508341964000,0,1.18961879,2725.9500
1622508341964000,0,2.76306163,2725.9600
1622508342016000,0,0.90723001,2725.9600
1622508342016000,0,0.39563388,2726.1800
1622508342019000,0,2.84052378,2726.1800
1622508345679000,0,0.02000000,2727.1200
1622508345679000,0,0.13495240,2727.1300
1622508348227000,0,0.03866708,2727.1300
1622508349508000,1,3.55402000,2725.0000
1622508349611000,1,50.50000000,2725.0000
1622508349652000,1,41.49791638,2725.0000
1622508349750000,1,0.55464746,2725.0000
1622508349752000,1,0.22000000,2725.0000
1622508349768000,1,3.86822413,2725.0000
1622508349773000,1,18.35868548,2725.0000
1622508349774000,1,1.28499311,2725.0000
1622508349847000,1,1.44000001,2725.0000
1622508349847000,1,0.51000000,2725.0000
1622508349867000,1,0.98999999,2725.0000
1622508349867000,1,0.06979007,2725.0000
1622508349896000,1,32.40000000,2725.0000
1622508349897000,1,0.45999999,2725.0000
1622508349978000,1,2.10000000,2725.0000
1622508350050000,1,16.40000000,2725.0000
1622508350140000,1,3.45000000,2725.0000
1622508350163000,1,72.04619203,2725.0000
1622508350258000,1,9.08222123,2725.0000
1622508350360000,1,0.44576651,2725.0000
1622508350372000,0,0.07120771,2726.8000
1622508350372000,0,5.93336861,2726.8100
1622508350376000,1,0.91353426,2725.0000
1622508350399000,0,0.02000000,2726.8000
1622508350399000,0,0.73764118,2726.8000
1622508350399000,0,0.08097305,2726.8100
1622508350703000,1,2.75350447,2725.0100
1622508351340000,1,0.21255982,2725.0000
1622508351394000,1,0.52975493,2725.0000
1622508351476000,1,0.91957461,2725.0000
1622508351579000,1,0.38981967,2725.0000
1622508351702000,1,0.04997688,2725.0000
1622508351918000,0,0.00966950,2725.9800
1622508352611000,0,2.75339000,2725.4900
1622508352960000,1,0.44600002,2725.0000
1622508352961000,1,5.16716198,2725.0000
1622508352981000,1,18.35840544,2725.0000
1622508352995000,1,1.53967890,2725.0000
1622508352998000,1,1.46100917,2725.0000
1622508353000000,1,1.26995413,2725.0000
1622508353001000,1,3.02316514,2725.0000
1622508353002000,1,2.59248547,2725.0000
1622508353075000,1,0.73160002,2725.0000
1622508353076000,1,1.09098522,2725.0000
1622508353080000,1,0.86573857,2725.0000
1622508353091000,0,0.00000175,2725.4900
1622508353091000,0,0.20000000,2725.9300
1622508353091000,0,0.03560385,2725.9700
1622508353091000,0,0.73243383,2725.9800
1622508353091000,0,5.50715458,2725.9900
1622508353091000,0,0.44882060,2726.3500
1622508353091000,0,7.34325349,2726.3600
1622508353158000,1,0.12016000,2725.0000
1622508353162000,1,0.73999999,2725.0000
1622508353166000,1,5.50689000,2725.0000
1622508353185000,1,0.83300000,2725.0000
1622508353278000,1,0.72999999,2725.0000
1622508353282000,1,1.61834862,2725.0000
1622508353287000,1,1.72506626,2725.0000
1622508353291000,1,1.89931193,2725.0000
1622508353299000,1,0.73392999,2725.0000
1622508353375000,1,2.01169725,2725.0000
1622508353504000,1,18.36170970,2725.0000
1622508353566000,1,2.75424668,2725.0000
1622508353570000,1,3.67168109,2725.0000
1622508354046000,1,18.36183105,2725.0000
1622508354148000,0,0.02000000,2725.8100
1622508354148000,0,7.40000000,2725.8200
1622508354148000,0,0.20000000,2725.9300
1622508354148000,0,5.50715458,2725.9900
1622508354148000,0,7.40000000,2726.2300
1622508354148000,0,0.74219636,2726.3600
1622508354312000,1,10.72705875,2725.0000
1622508354314000,1,4.11931740,2725.0000
1622508354332000,1,2.18000003,2725.0000
1622508354343000,1,0.17062001,2725.0000
1622508354356000,1,23.68000000,2725.0000
1622508354396000,1,0.07673000,2725.0000
1622508354396000,1,18.93500000,2725.0000
1622508354432000,1,2.86582569,2725.0000
1622508354450000,1,11.53073394,2725.0000
1622508354552000,1,18.36637529,2725.0000
1622508354576000,1,2.19337335,2725.0000
1622508354593000,0,1.74998730,2725.7900
1622508354714000,1,1.07967721,2725.0000
1622508354731000,1,0.24405861,2725.0000
1622508354732000,1,2.75483448,2725.0000
1622508354735000,1,3.67269305,2725.0000
1622508354738000,1,5.50991259,2725.0000
1622508354744000,1,0.73994044,2725.0000
1622508354774000,1,0.63994581,2725.0000
1622508354800000,1,3.74381100,2725.0000
1622508354851000,0,7.40000000,2725.6600
1622508354851000,0,0.73417517,2725.7800
1622508354851000,0,0.20000000,2725.9300
1622508354851000,0,4.70679885,2726.2000
1622508354854000,1,0.70991697,2725.0000
1622508354886000,1,0.41184092,2725.1000
1622508354946000,1,0.88973171,2725.1000
1622508355260000,1,0.24002058,2725.1100
1622508355814000,1,0.04700359,2725.0000
1622508358252000,1,1.67949531,2725.0900
1622508359087000,1,0.72890000,2725.0000
1622508359416000,1,2.75419177,2725.0000
1622508359438000,1,0.05699999,2725.0000
1622508360980000,0,2.75391000,2725.1800
1622508362469000,1,0.26000001,2725.0000
1622508362585000,1,2.11389710,2725.0000
1622508362694000,1,1.16400000,2725.0000
1622508362847000,1,18.36198294,2725.0000
1622508363678000,1,1.09502462,2725.1300
1622508364218000,0,0.00000420,2725.1800
1622508364254000,1,0.04500000,2725.0000
1622508364290000,1,0.33300000,2725.0000
1622508364372000,0,4.59031962,2725.3600
1622508364372000,0,0.73222816,2725.3800
1622508364372000,0,4.59024808,2725.3900
1622508364372000,0,0.13358842,2725.9200
1622508364372000,0,0.20000000,2725.9300
1622508364372000,0,2.59804369,2726.3600
1622508364380000,1,0.36400000,2725.0000
1622508364726000,1,2.75413870,2725.1000
1622508364732000,1,3.67233534,2725.1000
1622508364735000,1,0.72610000,2725.1000
1622508364781000,1,1.28531400,2725.0000
1622508364880000,1,0.72000000,2725.0000
1622508364882000,1,1.27452636,2725.0000
1622508365071000,1,0.95805000,2725.0000
1622508365313000,1,18.36483178,2725.0000
1622508365575000,1,0.18530000,2725.0200
1622508365898000,1,18.36249763,2725.0000
1622508365951000,1,2.75462494,2725.0000
1622508365964000,1,3.67244096,2725.0000
1622508365965000,1,4.59062441,2725.0000
1622508366069000,1,0.36926001,2725.0000
1622508366092000,1,0.71000000,2725.0000
1622508366115000,1,0.92821593,2725.0000
1622508366427000,1,18.36410520,2725.0000
1622508366692000,1,0.05000000,2725.0000
1622508366782000,1,0.04797782,2725.0000
1622508366803000,1,0.12694127,2725.0000
1622508366856000,1,0.15492833,2725.0000
1622508366889000,1,0.10195283,2725.0000
1622508366899000,1,0.07543442,2725.0000
1622508366901000,1,0.68300000,2725.0000
1622508366952000,1,0.07896347,2725.0000
1622508366974000,1,18.36351280,2725.0000
1622508367025000,1,0.22989911,2725.0000
1622508367360000,1,2.75462494,2725.0000
1622508367366000,1,3.67244096,2725.0000
1622508367372000,1,4.59102647,2725.0000
1622508367415000,1,0.72500000,2725.0000
1622508367468000,1,18.36601737,2725.0000
1622508367959000,1,0.36178000,2725.0000
1622508367976000,1,18.36591609,2725.0000
1622508368070000,1,1.10237377,2725.0000
1622508368138000,1,0.72600000,2725.0000
1622508368583000,1,18.36502813,2725.0000
1622508368644000,1,3.67244096,2725.0000
1622508368742000,1,0.21989831,2725.0000
1622508368761000,1,0.13993526,2725.0000
1622508368763000,0,0.20000000,2725.2100
1622508368763000,0,3.35414000,2725.2200
1622508368846000,0,1.03733000,2725.2200
1622508369132000,0,0.20000000,2725.2200
1622508369184000,1,0.17861679,2725.0000
1622508369219000,0,4.59085000,2725.3800
1622508369952000,1,0.07996336,2725.0100
1622508370018000,0,0.00000552,2725.3800
1622508370106000,0,0.72879000,2725.8600
1622508370157000,1,0.28986716,2725.0100
1622508376244000,0,0.73104000,2726.5100
1622508376367000,0,0.00000443,2726.5100
1622508376424000,0,3.66970000,2727.1600
1622508379495000,1,0.61119481,2726.9700
1622508379652000,1,0.81360562,2726.9700
1622508379719000,1,0.72900000,2726.9700
1622508379741000,1,1.27819104,2726.9700
1622508379815000,1,1.46400000,2726.9700
1622508388167000,1,0.63414000,2728.3900
1622508402764000,1,1.34164983,2728.9000
1622508406544000,1,0.45869000,2728.7300
1622508410153000,0,2.74960000,2728.7700
1622508410267000,0,0.00002788,2728.7700
1622508410267000,0,3.66607212,2728.9400
1622508410589000,0,0.00009837,2728.9400
1622508411697000,1,0.16500000,2727.7700
1622508417071000,0,1.85098000,2728.0200
1622508417659000,0,0.73878000,2728.2700
1622508429125000,0,2.75070181,2727.6500
1622508429125000,0,0.91694205,2727.6600
1622508429220000,0,2.75070181,2727.6600
1622508429227000,0,2.19406921,2727.6700
1622508429237000,0,2.39048562,2727.6700
1622508429431000,0,4.01122000,2727.9800
1622508440779000,0,2.75086895,2727.2100
1622508440779000,0,3.53945138,2727.2200
1622508448674000,0,2.75086000,2727.2100
1622508448969000,0,0.00000895,2727.2100
1622508448969000,0,0.12836105,2727.2200
1622508449021000,0,0.00001283,2727.2200
1622508449021000,0,4.58528717,2727.2800
1622508449073000,0,0.00004554,2727.2800
1622508474753000,1,2.93166099,2725.9000
1622508481062000,0,5.50510839,2726.1600
1622508481062000,0,3.84084584,2726.6800
1622508481124000,1,0.72070948,2725.0000
1622508481398000,1,0.72000000,2725.0100
1622508481495000,0,1.30263718,2726.6800
1622508481499000,0,2.19666150,2726.6800
1622508481499000,0,0.20000000,2726.6800
1622508481499000,0,0.57012227,2726.7800
1622508481499000,0,7.40000000,2726.8200
1622508481499000,0,0.74289757,2726.8900
1622508481499000,0,0.10918782,2727.1100
1622508481499000,0,1.44088357,2727.1600
1622508481514000,0,1.33632607,2727.1600
1622508481517000,0,0.98820751,2727.1600
1622508481695000,0,0.20000000,2727.1500
1622508481695000,0,4.51621646,2727.1600
1622508481793000,1,1.29900000,2725.0100
1622508482121000,0,1.60000000,2727.0200
1622508482129000,0,0.69241551,2727.0200
1622508482146000,0,0.20000000,2726.6800
1622508482146000,0,0.85459153,2727.0200
1622508483345000,1,3.67088599,2725.1500
1622508483348000,1,2.75298646,2725.1500
1622508484513000,1,2.75298646,2725.0200
1622508485855000,1,2.75298646,2725.0000
1622508485855000,1,3.67101212,2725.0000
1622508486796000,1,6.82080000,2725.0000
1622508486829000,1,6.82080000,2725.0000
1622508487210000,1,2.75298646,2725.0000
1622508488354000,1,2.75298646,2725.0000
1622508489852000,0,3.67097000,2725.3300
1622508489958000,0,2.75313000,2725.1700
1622508491941000,1,0.43177820,2725.0000
1622508492004000,1,1.26800000,2725.0000
1622508493603000,1,2.75320778,2725.0000
1622508494033000,1,4.52000000,2725.0000
1622508494034000,1,1.35000000,2725.0000
1622508494055000,1,1.77000000,2725.0000
1622508494353000,1,0.73400000,2725.0000
1622508494439000,1,0.72999999,2725.0000
1622508494574000,1,18.35760912,2725.0000
1622508494685000,1,107.93000614,2725.0000
1622508494793000,1,2.75375705,2725.0000
1622508494795000,1,4.58973913,2725.0000
1622508495085000,1,18.35817058,2725.0000
1622508495594000,1,18.35898056,2725.0000
1622508495903000,1,4.58988362,2725.0000
1622508495904000,1,2.75375705,2725.0000
1622508495910000,1,4.58973913,2725.0000
1622508496124000,1,18.35896007,2725.0000
1622508497498000,1,0.36207595,2725.0000
1622508497837000,1,1.64597588,2725.0000
1622508497881000,1,0.55979481,2725.0000
1622508498023000,1,0.36186915,2725.0000
1622508498158000,1,1.25941934,2725.0000
1622508498185000,1,0.72966246,2725.0000
1622508498224000,1,0.94956074,2725.0000
1622508498295000,1,0.36982892,2725.0000
1622508498395000,1,0.33984279,2725.0000
1622508498454000,1,0.56998929,2725.0000
1622508499092000,1,0.09800001,2725.0000
1622508499245000,1,0.64599999,2725.0000
1622508500133000,1,0.70439326,2725.0000
1622508500143000,1,0.18130001,2725.0000
1622508500527000,1,0.24988441,2725.0000
1622508500527000,1,0.05904000,2725.0000
1622508500539000,1,0.53975031,2725.0000
1622508500559000,1,0.26887562,2725.0000
1622508500616000,1,0.19994922,2725.0000
1622508500660000,1,0.31000798,2725.0000
1622508500679000,1,0.10003051,2725.0000
1622508500728000,1,1.08034086,2725.0000
1622508500737000,1,0.15004734,2725.0000
1622508500741000,0,2.75368000,2725.1900
1622508501391000,0,0.00000087,2725.1900
1622508501391000,0,0.00000416,2725.3300
1622508501589000,0,2.20249263,2726.3400
1622508510168000,1,1.27600796,2725.1100
1622508518351000,1,2.75346166,2725.0000
1622508522209000,1,2.75350286,2725.0000
1622508522571000,1,0.88184004,2725.0000
1622508522710000,1,18.35858790,2725.0000
1622508522753000,1,14.55999000,2725.0000
1622508522782000,1,0.74281000,2725.0000
1622508522797000,1,0.72400000,2725.0000
1622508523303000,1,18.35908293,2725.0000
1622508523315000,1,0.20760000,2725.0000
1622508523380000,1,2.75404911,2725.0000
1622508523418000,1,3.67171759,2725.0000
1622508525620000,1,0.69023520,2725.0000
1622508525629000,1,0.27756360,2725.0000
1622508525636000,1,4.70000000,2725.0000
1622508525696000,1,4.70000000,2725.0000
1622508525728000,1,0.72000000,2725.0000
1622508525785000,1,3.80000000,2725.0000
1622508525842000,1,1.27781919,2725.0000
1622508525875000,1,2.40000000,2725.0000
1622508526687000,1,2.75376187,2725.0000
1622508526742000,1,0.07996415,2725.0000
1622508526743000,1,0.33084583,2725.0000
1622508527283000,1,0.85360756,2725.0000
1622508528039000,1,0.68018072,2725.0000
1622508528053000,1,0.40083364,2725.0000
1622508528081000,1,0.57971340,2725.0000
1622508528260000,1,0.37991789,2725.0000
1622508528319000,0,4.58927000,2725.4000
1622508528502000,0,2.75351021,2725.2000
1622508528502000,0,0.00000101,2725.4000
1622508528502000,0,1.65721878,2725.5900
1622508528583000,0,1.09682000,2725.5900
1622508528902000,0,1.65669000,2725.5900
1622508529083000,0,1.09682000,2725.5900
1622508530464000,0,4.58927000,2725.4000
1622508532066000,0,0.00000101,2725.4000
1622508532066000,0,0.00000873,2725.5900
1622508532066000,0,2.75292026,2725.6500
1622508537068000,1,8.29230940,2725.2500
1622508537077000,1,27.31350108,2725.0000
1622508537088000,1,3.30412844,2725.0000
1622508537102000,1,1.16880733,2725.0000
1622508537114000,1,3.14678900,2725.0000
1622508537184000,1,0.89484310,2725.0000
1622508537185000,1,6.91169725,2725.0000
1622508537316000,1,0.74000000,2725.0000
1622508537396000,1,0.37999999,2725.0000
1622508537402000,1,2.75343189,2725.0000
1622508537415000,1,3.67138203,2725.0000
1622508537423000,1,0.33000000,2725.0000
1622508537488000,1,0.57700000,2725.0000
1622508537489000,1,1.10558928,2725.0000
1622508537521000,1,0.35580633,2725.0000
1622508537532000,0,0.00001180,2725.6500
1622508537532000,0,0.20000000,2725.8100
1622508537532000,0,0.52479380,2725.8500
1622508537573000,1,0.71500000,2725.0000
1622508537574000,0,4.06371934,2725.8500
1622508537574000,0,0.52479380,2725.9800
1622508537695000,1,0.96160519,2725.0000
1622508537702000,1,0.60820891,2725.0000
1622508537727000,0,5.30648917,2725.3900
1622508537740000,0,0.72480560,2725.3900
1622508537831000,0,0.20000000,2725.8100
1622508537831000,0,0.20000974,2725.9800
1622508537831000,0,0.75403559,2726.1500
1622508537835000,0,1.08148340,2726.1500
1622508537900000,1,0.13706579,2725.0000
1622508537928000,1,0.67838912,2725.0000
1622508537952000,0,0.20000000,2726.1400
1622508537952000,0,1.29074259,2726.1500
1622508537959000,0,1.38020399,2726.1500
1622508538012000,1,0.28658806,2725.0000
1622508538097000,0,0.74478614,2726.1500
1622508538228000,0,0.20000000,2726.0100
1622508538228000,0,0.54595645,2726.0200
1622508538262000,0,0.74478614,2726.0200
1622508538390000,1,17.50000000,2725.0100
1622508538566000,1,3.67139053,2725.0000
1622508538583000,1,2.75345556,2725.0000
1622508538715000,1,0.12830241,2725.0000
1622508538726000,1,0.12830120,2725.0000
1622508538781000,1,1.29610728,2725.0000
1622508540209000,1,18.35898045,2725.0000
1622508540335000,1,2.75345556,2725.0000
1622508540336000,1,3.67139053,2725.0000
1622508540339000,1,4.58988846,2725.0000
1622508540500000,1,1.46300001,2725.0000
1622508540740000,1,0.55121756,2725.0000
1622508540782000,1,18.35971185,2725.0000
1622508540973000,1,0.12518827,2725.0000
1622508541097000,1,0.32561387,2725.0000
1622508541314000,1,0.72000000,2725.0000
1622508541779000,1,3.67156007,2725.0000
1622508541785000,1,3.67139053,2725.0000
1622508543024000,1,3.67139053,2725.0000
1622508543171000,0,4.58958684,2725.3200
1622508543171000,0,7.40000000,2725.6000
1622508543171000,0,5.16703041,2725.6500
1622508543195000,0,1.07096959,2725.6500
1622508543195000,0,0.04874456,2725.8300
1622508543195000,0,0.20000000,2725.8400
1622508543195000,0,0.35343631,2725.8500
1622508543282000,1,0.74300000,2725.0000
1622508543294000,1,1.09844088,2725.0000
1622508543790000,1,0.64690225,2725.0000
1622508543900000,1,18.36061743,2725.0000
1622508543917000,1,0.16411197,2725.0000
1622508544007000,1,1.10550104,2725.0000
1622508544081000,1,0.36882940,2725.0000
1622508544359000,0,1.40858746,2725.7100
1622508544412000,0,1.04491124,2725.7100
1622508544480000,1,18.36117869,2725.0000
1622508544875000,1,3.67139053,2725.0000
1622508544876000,1,2.75417681,2725.0000
1622508544968000,0,2.71610935,2725.3200
1622508544981000,0,1.09000961,2725.3200
1622508545065000,1,18.36216793,2725.0000
1622508545396000,1,0.72700000,2725.0000
1622508545570000,1,18.36161625,2725.0000
1622508545762000,1,0.34983696,2725.0000
1622508545841000,1,0.19990752,2725.0000
1622508545849000,1,0.17995784,2725.0000
1622508546137000,1,0.36446000,2725.0000
1622508546238000,0,2.75385677,2725.1600
1622508546318000,1,0.71999999,2725.0000
1622508546321000,1,2.21548280,2725.0000
1622508547289000,1,2.75415358,2725.0000
1622508547520000,1,0.73300001,2725.0000
1622508547632000,1,0.36928000,2725.0000
1622508548649000,1,3.67232215,2725.0000
1622508548653000,1,2.75415358,2725.0000
1622508549749000,1,22.70000000,2725.0000
1622508549826000,1,2.75401689,2725.0000
1622508549842000,1,8.15000000,2725.0000
1622508549842000,1,5.41061727,2725.0000
1622508549929000,1,18.36311166,2725.0000
1622508549929000,1,0.37230000,2725.0000
1622508549934000,1,3.25000000,2725.0000
1622508549943000,1,0.73000000,2725.0000
1622508549964000,1,0.91383000,2725.0000
1622508549970000,1,0.36438000,2725.0000
1622508549986000,1,1.09125781,2725.0000
1622508550045000,1,1.27819935,2725.0000
1622508550046000,1,0.72799999,2725.0000
1622508550053000,1,1.75000000,2725.0000
1622508550067000,1,1.30100000,2725.0000
1622508550244000,1,1.55000000,2725.0000
1622508550399000,1,0.54894639,2725.0000
1622508550470000,1,0.45000000,2725.0000
1622508550483000,1,1.28800000,2725.0000
1622508550486000,1,0.63167330,2725.0000
1622508550499000,1,1.14978860,2725.0000
1622508550534000,1,18.36592319,2725.0000
1622508550574000,1,0.41118319,2725.0000
1622508550716000,0,0.20000000,2725.2800
1622508550716000,0,1.17089838,2725.2900
1622508550735000,0,0.74166419,2725.2900
1622508551060000,1,18.36401607,2725.0000
1622508551130000,1,2.75476167,2725.0000
1622508551157000,1,4.59098959,2725.0000
1622508551159000,1,3.67301556,2725.0000
1622508551411000,0,0.20000000,2725.2300
1622508551411000,0,1.29481024,2725.2400
1622508551495000,1,0.72700001,2725.0000
1622508551599000,1,18.36378632,2725.0000
1622508552191000,1,18.36315064,2725.0000
1622508552385000,1,0.48965182,2725.0000
1622508552495000,1,3.67257236,2725.0000
1622508552498000,1,2.75442927,2725.0000
1622508552754000,1,0.05093404,2725.0000
1622508552823000,1,0.25177821,2725.0000
1622508552850000,1,0.09562129,2725.0000
1622508552873000,1,0.11733787,2725.0000
1622508553214000,1,0.36643000,2725.0000
1622508553233000,1,18.36469185,2725.0000
1622508553242000,1,1.27097942,2725.0000
1622508553338000,1,1.08418393,2725.0000
1622508553352000,1,1.61893276,2725.0000
1622508553360000,1,0.68765457,2725.0000
1622508553440000,1,0.07523000,2725.0000
1622508553458000,1,0.04450307,2725.0000
1622508553521000,1,1.09954074,2725.0000
1622508553528000,1,0.31829999,2725.0000
1622508553573000,1,0.31831000,2725.0000
1622508553677000,1,4.59133195,2725.0000
1622508553681000,1,2.75442927,2725.0000
1622508553685000,1,3.67257236,2725.0000
1622508553697000,1,1.46999669,2725.0000
1622508553768000,1,1.06588202,2725.0000
1622508553782000,1,0.31956976,2725.0000
1622508553794000,1,0.01991201,2725.0000
1622508553828000,1,0.22404730,2725.0000
1622508553828000,1,18.36532779,2725.0000
1622508553846000,1,1.10012706,2725.0000
1622508553888000,1,0.33646866,2725.0000
1622508554066000,1,0.40183297,2725.0000
1622508554264000,1,0.54490739,2725.0000
1622508554266000,1,0.18160001,2725.0000
1622508554266000,1,0.07433140,2725.0000
1622508554903000,1,2.75442927,2725.0000
1622508554903000,1,3.67257236,2725.0000
1622508554903000,1,18.36498764,2725.0000
1622508554924000,1,4.59124692,2725.0000
1622508554926000,1,0.10939183,2725.0000
1622508554931000,1,0.31299000,2725.0000
1622508554977000,1,0.14127233,2725.0000
1622508554989000,1,10.19900000,2725.0000
1622508554992000,1,1.17100000,2725.0000
1622508555027000,1,0.37673590,2725.0000
1622508555027000,1,1.11130590,2725.0000
1622508555038000,1,0.13515524,2725.0000
1622508555042000,1,1.29311279,2725.0000
1622508555042000,1,0.72000000,2725.0000
1622508555048000,1,0.39243795,2725.0000
1622508555049000,1,2.17545981,2725.0000
1622508555120000,1,0.25000000,2725.0000
1622508555129000,1,0.72999999,2725.0000
1622508555237000,1,0.18330000,2725.0000
1622508555240000,1,1.28700000,2725.0000
1622508555241000,1,0.54642157,2725.0000
1622508555272000,1,0.72426999,2725.0000
1622508555272000,1,10.19900000,2725.0000
1622508555277000,1,0.39606509,2725.0000
1622508555326000,1,1.09956534,2725.0000
1622508555356000,1,0.04986280,2725.0000
1622508555422000,1,18.36934984,2725.0000
1622508555424000,1,0.73945065,2725.0000
1622508555436000,1,0.17842157,2725.0000
1622508555445000,1,0.53613584,2725.0000
1622508555458000,1,0.54678523,2725.0000
1622508555461000,1,0.04451979,2725.0000
1622508555474000,1,0.07000000,2725.0000
1622508555505000,1,0.54479297,2725.0000
1622508555528000,1,0.10271516,2725.0000
1622508555554000,1,0.54063424,2725.0000
1622508555569000,1,0.06991138,2725.0000
1622508555571000,1,0.55331075,2725.0000
1622508555578000,1,0.54789370,2725.0000
1622508555578000,1,20.65294512,2725.0000
1622508555585000,1,0.36502911,2725.0000
1622508555595000,1,0.04459808,2725.0000
1622508555605000,1,0.66872342,2725.0000
1622508555609000,1,0.11445619,2725.0000
1622508555646000,1,0.06689684,2725.0000
1622508555649000,1,0.12897204,2725.0000
1622508555654000,1,0.99855314,2725.0000
1622508555662000,1,0.55595584,2725.0000
1622508555664000,1,0.54232516,2725.0000
1622508555741000,1,0.41581889,2725.0000
1622508555788000,1,0.10000001,2725.0000
1622508555789000,1,0.48402748,2725.0000
1622508555858000,1,0.54266976,2725.0000
1622508555875000,1,0.55512830,2725.0000
1622508555910000,1,0.55082752,2725.0000
1622508555989000,1,0.54000000,2725.0000
1622508555992000,1,0.54387231,2725.0000
1622508555992000,1,0.90708544,2725.0000
1622508555993000,1,18.36934984,2725.0000
1622508556037000,1,0.74077537,2725.0000
1622508556139000,1,1.62728709,2725.0000
1622508556141000,1,2.75528919,2725.0000
1622508556143000,1,5.51080496,2725.0000
1622508556146000,1,3.67375771,2725.0000
1622508556147000,1,5.51046582,2725.0000
1622508556228000,1,0.25349268,2725.0000
1622508556234000,1,0.72370740,2725.0000
1622508556247000,1,0.48862222,2725.0000
1622508556250000,1,0.55451319,2725.0000
1622508556251000,1,0.47747332,2725.0000
1622508556298000,1,0.28255564,2725.0000
1622508556511000,1,18.36705976,2725.0000
1622508556568000,1,0.37259932,2725.0000
1622508556586000,1,1.28060324,2725.0000
1622508556604000,1,0.62299318,2725.0000
1622508556620000,1,1.46888429,2725.0000
1622508556700000,1,0.20348991,2725.0000
1622508556841000,1,0.55274958,2725.0000
1622508556890000,1,0.05225287,2725.0000
1622508556967000,1,1.11850009,2725.0000
1622508557024000,1,18.36582312,2725.0000
1622508557024000,1,1.09776499,2725.0000
1622508557162000,1,0.89566845,2725.0000
1622508557579000,1,2.75469665,2725.0000
1622508557699000,1,0.35983017,2725.0000
1622508557720000,1,0.24988300,2725.0000
1622508557749000,1,0.27987053,2725.0000
1622508557918000,1,0.10994796,2725.0000
1622508557936000,1,0.36982353,2725.0000
1622508557946000,1,0.06996661,2725.0000
1622508558019000,0,0.20000000,2725.0700
1622508558019000,0,1.12231268,2725.0800
1622508558019000,0,0.44893120,2725.0900
1622508558019000,0,0.36391612,2725.1100
1622508558117000,0,2.45600000,2725.1100
1622508558134000,1,0.56978370,2725.0000
1622508558149000,0,0.20000000,2725.1000
1622508558149000,0,0.44893120,2725.1000
1622508558149000,0,1.77124495,2725.1100
1622508558149000,0,0.03582492,2725.1100
1622508558334000,0,0.08501000,2725.1100
1622508558886000,0,0.44886199,2725.3700
1622508558886000,0,4.14182801,2725.3800
1622508559440000,0,0.44893000,2725.6000
1622508559491000,1,0.09909534,2725.0300
1622508559560000,0,0.00000120,2725.6000
1622508559560000,0,0.72581880,2726.0100
1622508559635000,1,0.19994088,2725.0300
1622508559954000,1,0.78989147,2725.0300
1622508560559000,1,3.98800000,2725.1800
1622508560608000,1,0.18123001,2725.1800
1622508560758000,0,0.00000391,2726.0100
1622508560758000,0,2.75273609,2726.5600
1622508560886000,0,0.73669000,2726.7700
1622508565119000,1,0.74100000,2726.1700
1622508565320000,1,1.26230001,2726.1700
1622508565534000,1,0.72000000,2726.1700
1622508565586000,1,1.46000000,2726.1700
1622508565683000,1,0.66833094,2725.8800
1622508565783000,1,0.73800000,2725.8800
1622508565784000,1,0.11484937,2725.8800
1622508566131000,1,0.53620000,2725.8800
1622508567366000,1,0.23000000,2725.6100
1622508569340000,1,0.62762659,2725.0000
1622508569343000,1,0.28298251,2725.0000
1622508570478000,1,0.41680812,2725.0000
1622508571457000,0,0.72281287,2725.7400
1622508571457000,0,2.94847713,2725.7500
1622508571776000,1,0.25591451,2725.1300
1622508572330000,1,2.91000000,2725.1300
1622508572335000,1,4.23408549,2725.1300
1622508572335000,1,0.25954652,2725.0000
1622508574007000,1,1.29267180,2725.0100
1622508575440000,1,0.09179500,2725.0000
1622508576346000,1,0.32400000,2725.0000
1622508577009000,1,0.60912818,2725.0000
1622508578585000,1,0.94365256,2725.0000
1622508579984000,1,0.84690015,2725.0000
1622508583676000,1,0.92073864,2725.0000
1622508583676000,1,1.43600000,2725.0000
1622508583776000,1,17.97736704,2725.0000
1622508583785000,1,17.97736704,2725.0000
1622508583813000,1,2.60589098,2725.0000
1622508583822000,1,10.35710000,2725.0000
1622508583880000,1,1.30348894,2725.0000
1622508583883000,1,1.27794588,2725.0000
1622508583892000,1,3.90000000,2725.0000
1622508583895000,1,2.22961239,2725.0000
1622508583905000,1,2.29331559,2725.0000
1622508583921000,1,2.21522205,2725.0000
1622508583936000,1,0.72900000,2725.0000
1622508583985000,1,1.65587309,2725.0000
1622508583996000,1,3.20000000,2725.0000
1622508584000000,1,2.18200000,2725.0000
1622508584011000,1,18.36058892,2725.0000
1622508584022000,1,0.51741373,2725.0000
1622508584059000,1,0.73820000,2725.0000
1622508584091000,1,0.89500000,2725.0000
1622508584096000,1,5.90000000,2725.0000
1622508584115000,1,0.17909142,2725.0000
1622508584121000,1,0.53999999,2725.0000
1622508584164000,1,9.40000000,2725.0000
1622508584165000,1,0.09000000,2725.0000
1622508584167000,1,1.28187234,2725.0000
1622508584228000,1,0.18220000,2725.0000
1622508584230000,1,0.27200000,2725.0000
1622508584309000,1,1.60000000,2725.0000
1622508584334000,1,0.71999999,2725.0000
1622508584347000,1,0.27000000,2725.0000
1622508584411000,1,0.20000000,2725.0000
1622508584434000,1,0.06683237,2725.0000
1622508584527000,1,18.36510772,2725.0000
1622508584555000,1,0.09978001,2725.0000
1622508584561000,1,0.21968962,2725.0000
1622508584590000,1,0.55230002,2725.0000
1622508584740000,1,0.09500000,2725.0000
1622508584770000,1,0.06192000,2725.0000
1622508584807000,1,0.06689000,2725.0000
1622508584851000,1,0.90384308,2725.0000
1622508584892000,1,0.74353000,2725.0000
1622508584902000,1,0.26299999,2725.0000
1622508584912000,1,0.50228000,2725.0000
1622508584962000,1,59.40000000,2725.0000
1622508584974000,1,1.44000000,2725.0000
1622508585046000,1,18.36706605,2725.0000
1622508585063000,1,1.28900000,2725.0000
1622508585216000,1,3.67290482,2725.0000
1622508585219000,1,2.75494909,2725.0000
1622508585227000,1,5.50935723,2725.0000
1622508585234000,1,4.59113103,2725.0000
1622508585290000,1,2.02229512,2725.0000
1622508585386000,1,0.91255009,2725.0000
1622508585597000,1,18.36270984,2725.0000
1622508585687000,1,0.73500001,2725.0000
1622508585974000,1,1.28122690,2725.0000
1622508586064000,1,18.36420677,2725.0000
1622508586336000,1,3.67290482,2725.0000
1622508586340000,1,2.75447723,2725.0000
1622508586342000,1,4.59113103,2725.0000
1622508586351000,1,0.12964288,2725.0000
1622508586535000,1,0.13957873,2725.0000
1622508586577000,1,18.36599772,2725.0000
1622508587049000,1,0.16986307,2725.0000
1622508587192000,1,18.36542698,2725.0000
1622508587411000,1,0.74259273,2725.0000
1622508587412000,1,0.54089941,2725.0000
1622508587545000,1,0.41021590,2725.0000
1622508587632000,1,0.18150000,2725.0000
1622508587635000,1,4.59120659,2725.0000
1622508587636000,1,3.67290482,2725.0000
1622508587637000,1,4.59113103,2725.0000
1622508587637000,1,5.51006033,2725.0000
1622508587642000,1,0.18310000,2725.0000
1622508587734000,1,0.46791902,2725.0000
1622508587756000,1,0.26717791,2725.0000
1622508587791000,1,18.36686774,2725.0000
1622508587949000,1,1.06845868,2725.0000
1622508588210000,1,0.21892463,2725.0000
1622508588374000,1,18.36629490,2725.0000
1622508588407000,1,0.30377000,2725.0000
1622508588459000,1,0.66700000,2725.0000
1622508588487000,1,0.18505694,2725.0000
1622508588585000,1,0.07500000,2725.0000
1622508588615000,1,0.08898814,2725.0000
1622508588615000,1,0.41011529,2725.0000
1622508588913000,1,18.36703471,2725.0000
1622508588975000,1,0.37101824,2725.0000
1622508589311000,1,0.15408000,2725.0000
1622508589338000,1,2.75484136,2725.0000
1622508589339000,1,0.27600000,2725.0000
1622508589342000,1,4.59120659,2725.0000
1622508589342000,1,4.59113103,2725.0000
1622508589448000,1,18.36759071,2725.0000
1622508589488000,1,0.15066274,2725.0000
1622508589986000,1,18.36692247,2725.0000
1622508590019000,1,1.08383459,2725.0000
1622508590297000,1,0.21114405,2725.0000
1622508590329000,1,0.13544438,2725.0000
1622508590446000,1,0.27928964,2725.0000
1622508590531000,1,1.97458857,2725.0000
1622508590532000,1,0.75339408,2725.0000
1622508590534000,1,18.36690401,2725.0000
1622508590633000,1,4.59120659,2725.0000
1622508590633000,1,2.75484136,2725.0000
1622508590636000,1,4.59172601,2725.0000
1622508590734000,1,0.36956911,2725.0000
1622508590758000,1,0.04669000,2725.0000
1622508590876000,1,0.68299999,2725.0000
1622508591239000,1,0.55637707,2725.0000
1622508591267000,1,0.04777111,2725.0000
1622508591658000,1,0.07566350,2725.0000
1622508591659000,1,0.36016661,2725.0000
1622508591675000,1,0.25696031,2725.0000
1622508591679000,1,0.54746876,2725.0000
1622508591690000,1,0.37068453,2725.0000
1622508591901000,1,0.87457878,2725.0000
1622508591902000,1,0.12997603,2725.0000
1622508591903000,1,2.75459599,2725.0000
1622508591914000,1,0.66699999,2725.0000
1622508591925000,1,0.02839728,2725.0000
1622508591997000,1,0.26513179,2725.0000
1622508591999000,1,0.09132890,2725.0000
1622508592003000,1,0.39744385,2725.0000
1622508592005000,1,0.10464043,2725.0000
1622508592034000,1,0.14709023,2725.0000
1622508592104000,1,0.82083351,2725.0000
1622508592153000,1,0.30161205,2725.0000
1622508592154000,1,0.96245765,2725.0000
1622508592190000,1,0.06165572,2725.0000
1622508592210000,1,0.15048031,2725.0000
1622508592213000,1,0.29756701,2725.0000
1622508592226000,1,0.36883016,2725.0000
1622508592228000,1,0.55457024,2725.0000
1622508592255000,1,0.16405863,2725.0000
1622508592256000,1,0.50471188,2725.0000
1622508592290000,1,0.50913752,2725.0000
1622508592306000,1,0.98153614,2725.0000
1622508592311000,1,0.92161793,2725.0000
1622508592345000,1,0.45115401,2725.0000
1622508592345000,1,0.38921063,2725.0000
1622508592363000,1,0.18006077,2725.0000
1622508592375000,1,0.72000001,2725.0000
1622508592614000,1,0.21254225,2725.0000
1622508592658000,1,0.14808901,2725.0000
1622508592693000,1,0.22293014,2725.0000
1622508592704000,1,0.12338950,2725.0000
1622508592975000,1,0.94418529,2725.0000
1622508592997000,1,3.67296259,2725.0000
1622508593001000,1,2.75459599,2725.0000
1622508593070000,1,0.36249490,2725.0000
1622508593355000,1,1.11717064,2725.0000
1622508593746000,1,1.27600000,2725.0000
1622508593892000,1,0.16698001,2725.0000
1622508593973000,1,0.45099999,2725.0000
1622508594199000,1,0.29000000,2725.0000
1622508594355000,1,2.75459599,2725.0000
1622508594486000,1,0.19318684,2725.0000
1622508594697000,1,0.90271007,2725.0000
1622508594723000,1,0.72467176,2725.0000
1622508594772000,1,0.43980135,2725.0000
1622508594776000,1,0.08596117,2725.0000
1622508594809000,1,0.09995485,2725.0000
1622508594821000,1,0.19990970,2725.0000
1622508594838000,1,0.23989134,2725.0000
1622508594865000,1,0.05797374,2725.0000
1622508594935000,0,0.20000000,2725.0500
1622508594979000,1,0.46622667,2725.0000
1622508595146000,1,18.36537971,2725.0000
1622508595245000,1,2.55415447,2725.0000
1622508595475000,1,1.43686272,2725.0000
1622508595668000,1,0.72000000,2725.0000
1622508595673000,1,4.59167503,2725.0000
1622508595675000,1,4.59167503,2725.0000
1622508595676000,1,2.75500502,2725.0000
1622508595747000,1,18.36670011,2725.0000
1622508595965000,1,0.76310001,2725.0000
1622508596386000,1,18.36612677,2725.0000
1622508596397000,1,0.72600000,2725.0000
1622508596483000,1,0.21159873,2725.0000
1622508596557000,1,0.08726986,2725.0000
1622508596692000,1,0.51721399,2725.0000
1622508596815000,1,2.75500502,2725.0000
1622508596824000,1,4.59167503,2725.0000
1622508596908000,1,18.36580142,2725.0000
1622508596992000,1,0.42678510,2725.0000
1622508597111000,1,0.31241220,2725.0000
1622508597305000,1,1.47866768,2725.0000
1622508597386000,1,0.29402657,2725.0000
1622508597539000,1,18.36580142,2725.0000
1622508597589000,1,0.08001124,2725.0000
1622508597626000,1,0.08995090,2725.0000
1622508597640000,1,0.06833490,2725.0000
1622508598194000,1,2.75500502,2725.0000
1622508598222000,1,0.72739651,2725.0000
1622508598404000,0,0.20000000,2725.2400
1622508598476000,1,0.35888367,2725.0000
1622508598495000,0,0.20000000,2725.3300
1622508598495000,0,1.45514000,2725.3400
1622508598589000,0,2.20000000,2725.3400
1622508598655000,1,0.55974538,2725.0200
1622508598689000,0,0.73643000,2725.3400
1622508598698000,1,0.91959186,2725.0200
1622508598698000,1,0.53975447,2725.0200
1622508598699000,1,0.32984863,2725.0200
1622508598700000,1,0.58973174,2725.0200
1622508598701000,1,0.57973629,2725.0200
1622508598701000,1,0.49985929,2725.0200
1622508598729000,1,0.61971810,2725.0000
1622508598736000,1,0.38982100,2725.0000
1622508598737000,1,1.05861523,2725.0000
1622508599932000,0,1.51357000,2725.1200
1622508600011000,0,1.24082000,2725.1200
1622508600207000,1,0.20887000,2725.0000
1622508600270000,0,0.00000995,2725.1200
1622508600270000,0,0.19999005,2725.3300
1622508600378000,0,0.00000995,2725.3300
1622508600378000,0,0.19999005,2725.3400
1622508600907000,1,0.57974019,2725.0000
1622508600932000,1,0.12994176,2725.0000
1622508600961000,1,0.22989696,2725.0000
1622508601230000,0,2.65918000,2725.1200
1622508601376000,0,0.09521994,2725.1200
1622508601376000,0,0.00000001,2725.1200
1622508601437000,0,0.00001677,2725.3400
1622508601437000,0,4.59157682,2725.3400
1622508601437000,0,2.98718011,2725.3500
1622508601557000,0,1.60369921,2725.3500
1622508601662000,0,0.20000000,2725.4000
1622508601669000,1,2.98717079,2725.3500
1622508601693000,1,7.40000000,2725.0100
1622508601693000,1,39.83333380,2725.0000
1622508601706000,1,1.07889908,2725.0000
1622508601895000,0,0.20000000,2725.7900
1622508601895000,0,4.10081019,2725.8000
1622508603668000,1,0.91893678,2725.0100
1622508603954000,0,2.15000000,2725.5900
1622508604054000,0,0.60370000,2725.5900
1622508604185000,0,0.00000366,2725.5900
1622508604185000,0,3.67156634,2725.7800
1622508604205000,0,0.00000727,2725.7800
1622508604205000,0,1.40824499,2725.8000
1622508604205000,0,0.72712998,2726.0600
1622508604341000,0,5.50736042,2726.5300
1622508604419000,0,0.73028247,2726.4600
1622508604533000,0,0.20000000,2726.4500
1622508604654000,0,0.20000000,2726.8800
1622508604654000,0,0.53028247,2726.8900
1622508604773000,0,0.20000000,2726.8900
1622508604773000,0,3.19921494,2727.2300
1622508605078000,0,0.04581989,2726.8800
1622508605078000,0,0.20000000,2726.9200
1622508605078000,0,2.35757078,2727.4200
1622508605092000,0,4.98590870,2727.4200
1622508605203000,0,0.20000000,2727.4100
1622508605203000,0,4.42030840,2727.6700
1622508605217000,0,1.05538793,2727.6700
1622508605219000,0,0.67909773,2727.6700
1622508605222000,0,0.98802275,2727.6700
1622508608489000,1,0.36227000,2726.2000
1622508611985000,0,2.75186679,2727.4300
1622508612019000,0,2.40251422,2727.4300
1622508612029000,0,2.24561899,2727.4300
1622508613088000,1,0.11910700,2728.5100
1622508620632000,1,1.29900000,2727.8300
1622508620814000,1,1.29459570,2727.8300
1622508620843000,1,0.14600000,2727.8300
1622508620906000,1,0.59500000,2727.8300
1622508620921000,1,1.27560594,2727.8300
1622508620952000,1,1.11526482,2727.8200
1622508621141000,1,0.90759076,2727.8100
1622508627332000,1,1.26400001,2727.8100
1622508627951000,1,0.71967002,2727.8400
1622508627987000,1,0.71967040,2727.8400
1622508628041000,1,1.25942364,2727.8400
1622508628091000,1,0.33905259,2727.8400
1622508628267000,0,0.73261000,2729.1200
1622508631021000,1,1.28200000,2727.8100
1622508631082000,1,0.91124109,2727.8100
1622508631291000,1,1.28700000,2727.8100
1622508647519000,0,0.03000000,2729.0300
1622508651712000,1,0.36500000,2726.0800
1622508651719000,1,0.60000000,2726.0800
1622508651801000,1,0.68600000,2726.0800
1622508651802000,1,0.36200000,2726.0800
1622508657623000,0,2.75115000,2727.1500
1622508661520000,1,7.40000000,2726.1100
1622508661520000,1,7.81537620,2726.0500
1622508663767000,1,0.92946423,2725.1500
1622508663984000,1,0.73000000,2725.0100
1622508664018000,1,0.71999999,2725.0100
1622508664090000,1,0.48466690,2725.0100
1622508664131000,1,0.74000000,2725.0100
1622508664427000,1,0.20367911,2725.0000
1622508664722000,1,2.75375170,2725.0000
1622508664799000,1,0.55840472,2725.0000
1622508664800000,1,18.35890877,2725.0000
1622508664828000,1,0.43316158,2725.0000
1622508664904000,1,0.47593409,2725.0000
1622508664964000,1,0.92289055,2725.0000
1622508664969000,1,0.50375425,2725.0000
1622508665166000,1,1.30200000,2725.0000
1622508666375000,0,0.20000000,2725.9500
1622508666375000,0,5.50746047,2726.0600
1622508666375000,0,0.72995116,2726.0800
1622508669195000,1,1.27600000,2725.0000
1622508671050000,1,0.18470001,2725.0000
1622508672212000,1,0.54067157,2725.0000
1622508672224000,1,0.54076400,2725.0000
1622508672242000,1,0.54067157,2725.0000
1622508672566000,1,0.91409692,2725.0000
1622508672575000,1,1.10962916,2725.0000
1622508672638000,1,1.30348415,2725.0000
1622508672759000,1,0.73000000,2725.0000
1622508672834000,1,18.36032982,2725.0000
1622508672961000,1,17.97730740,2725.0000
1622508672986000,1,125.92241986,2725.0000
1622508673054000,1,107.93350274,2725.0000
1622508674248000,1,1.28967227,2725.0000
1622508675975000,1,0.54739522,2725.0000
1622508676688000,1,18.36033291,2725.0000
1622508676706000,1,2.75396587,2725.0000
1622508676723000,1,16.10060000,2725.0000
1622508676731000,1,0.73000000,2725.0000
1622508676745000,1,8.20000000,2725.0000
1622508676828000,1,4.85000000,2725.0000
1622508676834000,1,0.37163000,2725.0000
1622508676880000,1,0.76023284,2725.0000
1622508676916000,1,0.51049451,2725.0000
1622508676916000,1,0.22592393,2725.0000
1622508676922000,1,2.20000000,2725.0000
1622508676936000,1,0.72300000,2725.0000
1622508676955000,1,0.64109255,2725.0000
1622508676988000,1,0.73899999,2725.0000
1622508677022000,1,5.55000000,2725.0000
1622508677090000,1,0.72999999,2725.0000
1622508677095000,1,1.90000000,2725.0000
1622508677134000,1,1.10722189,2725.0000
1622508677193000,1,18.36086032,2725.0000
1622508677401000,1,1.12793180,2725.0000
1622508677659000,1,0.13700002,2725.0000
1622508677853000,1,2.75412905,2725.0000
1622508678141000,0,4.59008000,2725.3800
1622508678212000,0,0.00000246,2725.3800
1622508678212000,0,4.59003754,2725.3900
1622508678227000,1,0.73270000,2725.0000
1622508678301000,0,0.00000501,2725.3900
1622508678301000,0,0.19999499,2725.6500
1622508678420000,1,0.14992352,2725.0700
1622508678512000,0,0.73497000,2725.8200
1622508678560000,1,0.91404632,2725.0000
1622508681022000,1,1.28700001,2725.0000
1622508681140000,0,0.00937329,2725.8300
1622508681244000,1,0.72000000,2725.0000
1622508684260000,1,0.91640044,2725.0000
1622508685895000,1,0.44542683,2725.0000
1622508685920000,1,0.74100000,2725.0000
1622508685928000,1,0.72000000,2725.0000
1622508685974000,1,1.27060137,2725.0000
1622508686013000,1,18.36139106,2725.0000
1622508686063000,1,0.72000000,2725.0000
1622508686292000,1,1.08370620,2725.0000
1622508686612000,1,18.36143621,2725.0000
1622508686619000,1,0.73000000,2725.0000
1622508686710000,1,4.59049780,2725.0000
1622508686712000,1,3.67216207,2725.0000
1622508686712000,1,2.75430887,2725.0000
1622508687115000,1,18.36144431,2725.0000
1622508687245000,1,1.29640239,2725.0000
1622508687923000,1,0.36100291,2725.0000
1622508687952000,1,0.19954321,2725.0000
1622508688340000,1,3.67216207,2725.0000
1622508688340000,1,2.75430887,2725.0000
1622508689572000,1,1.28551700,2725.0000
1622508690096000,1,0.67032244,2725.0000
1622508690672000,1,0.08002680,2725.0000
1622508690742000,1,2.75405363,2725.0000
1622508690841000,1,0.24610568,2725.0000
1622508691686000,0,1.12255134,2725.2900
1622508691686000,0,0.44901866,2725.2900
1622508691788000,0,0.00000801,2725.2900
1622508691788000,0,4.59022199,2725.3800
1622508693124000,1,0.10003787,2725.0000
1622508694915000,1,0.32995196,2725.0000
1622508695803000,1,0.68600000,2725.0000
1622508696425000,1,0.50923377,2725.0000
1622508696437000,1,0.40386239,2725.0000
1622508696472000,1,0.78300000,2725.0000
1622508696545000,1,0.73446245,2725.0000
1622508697489000,1,0.53988136,2725.0000
1622508697546000,1,2.75382493,2725.0000
1622508700869000,0,0.00001321,2725.3800
1622508700869000,0,4.58928679,2725.6900
1622508700928000,0,0.00009814,2725.6900
1622508700928000,0,4.58932205,2725.7200
1622508700928000,0,5.50727981,2725.7300
1622508701500000,0,0.73660000,2726.8500
1622508704672000,1,1.27500000,2725.7300
1622508708389000,0,2.75207229,2726.4500
1622508708403000,0,3.66942972,2726.6200
1622508713762000,0,0.00000383,2727.1500
1622508725353000,0,2.75086000,2727.7300
1622508726135000,0,0.08942636,2728.3900
1622508730250000,0,7.31057364,2728.3900
1622508740946000,0,5.49921332,2729.7200
1622508740946000,0,5.49874543,2729.9500
1622508740946000,0,2.81816490,2729.9900
1622508741038000,0,2.74857366,2729.8500
1622508743489000,0,2.74857366,2729.8500
1622508744401000,0,3.66464385,2730.1100
1622508744705000,0,0.00000001,2730.1100
1622508760456000,0,0.10000000,2730.0000
1622508816602000,0,7.40000000,2732.8600
1622508816602000,0,2.74534350,2732.9900
1622508825850000,0,0.44744793,2734.9400
1622508825850000,0,1.11858006,2735.0800
1622508826640000,1,0.30000000,2734.7300
1622508840310000,0,4.97799999,2736.0500
1622508840311000,0,0.00000001,2736.0500
1622508855831000,0,0.13137419,2736.2300
1622508893392000,1,9.67370041,2733.6400
1622508893392000,1,23.84309002,2733.6000
1622508893426000,1,1.06430165,2733.6000
1622508937891000,0,2.74791000,2730.2200
1622508937909000,0,0.00000133,2730.2200
1622508937909000,0,3.66388177,2730.3600
1622508945069000,0,2.74660101,2731.6800
1622508947659000,0,9.93970000,2732.0000
1622508949022000,1,0.08236626,2731.7100
1622508970364000,0,2.74662403,2731.6500
1622508970403000,0,4.65337597,2731.6500
1622508970403000,0,7.40000000,2731.9300
1622508972934000,0,0.00009872,2732.0000
1622508991009000,0,1.74900000,2736.7700
1622508994209000,0,7.40000000,2736.1000
1622509023655000,0,0.03000000,2738.7100
1622509024039000,0,0.71030000,2738.7100
1622509028037000,0,2.11655123,2738.4500
1622509028124000,0,0.62334198,2738.4500
1622509029821000,0,0.10922011,2739.8800
1622509030309000,0,0.72892000,2739.9200
1622509030399000,0,0.00000638,2739.9200
1622509030493000,0,0.10000000,2740.0000
1622509031714000,0,0.00015007,2740.5600
1622509032129000,1,7.40000000,2741.5400
1622509043850000,0,0.77411998,2742.6300
1622509043850000,0,0.04837174,2743.2400
1622509045183000,0,2.73633015,2742.3600
1622509045183000,0,0.73890556,2742.5300
1622509045183000,0,2.73476429,2743.0600
1622509049242000,0,1.66564156,2739.5600
1622509106165000,1,0.37536000,2734.2600
1622509114190000,1,1.40000000,2732.9800
1622509114190000,1,7.40000000,2732.9700
1622509141716000,0,2.74484336,2734.0200
1622509141716000,0,3.46515664,2734.2100
1622509143278000,1,5.00000000,2732.0000
1622509160861000,0,2.67000000,2732.2800
1622509166070000,0,2.74646000,2732.2300
1622509171139000,0,0.00000042,2732.2300
1622509176645000,0,2.74550000,2733.0300
1622509185722000,0,0.00000132,2733.0300
1622509185722000,0,0.36495604,2733.4700
1622509198993000,0,4.57655000,2732.8600
1622509199198000,0,1.26720867,2732.8700
1622509199199000,0,1.10941062,2732.8700
1622509199201000,0,0.36883859,2732.8700
1622509218757000,1,0.03000000,2730.0000
1622509225741000,0,3.66371748,2731.1100
1622509225741000,0,3.85235024,2731.2300
1622509241192000,0,2.74869460,2729.9200
1622509241192000,0,3.48130540,2730.0900
1622509253938000,0,4.58342000,2728.7500
1622509272989000,0,2.75060000,2728.0600
1622509273064000,0,0.00000455,2728.0600
1622509288826000,0,2.75004000,2728.3300
1622509288833000,0,0.00000443,2728.3300
1622509288951000,0,2.18853834,2728.4100
1622509289012000,0,2.39547879,2728.4100
1622509289012000,0,0.00000662,2728.7500
1622509289012000,0,4.58342662,2728.7500
1622509302615000,1,0.23814134,2728.0300
1622509302794000,1,0.69408004,2728.0300
1622509302817000,1,0.73732501,2728.0300
1622509305941000,1,0.92821240,2728.0200
1622509316221000,1,2.75007026,2728.0000
1622509316221000,1,3.66698845,2728.0000
1622509316319000,1,1.30223607,2728.0000
1622509316321000,1,12.51080511,2728.0000
1622509316325000,1,0.86441532,2728.0000
1622509316339000,1,6.79183468,2728.0000
1622509316341000,1,12.11365011,2728.0000
1622509316617000,1,2.51554799,2727.2200
1622509316619000,1,4.16446099,2727.2200
1622509316678000,1,0.71999102,2727.2200
1622509317510000,1,0.47892579,2726.7200
1622509317526000,1,0.36241000,2726.7200
1622509318540000,0,2.75141154,2727.0800
1622509318540000,0,3.66854872,2727.0900
1622509326856000,1,18.35910879,2725.0000
1622509327165000,1,2.75375109,2725.0000
1622509327373000,1,18.35923797,2725.0000
1622509327971000,1,18.36111753,2725.0000
1622509328066000,0,7.40000000,2725.6000
1622509328279000,1,3.67187258,2725.0000
1622509328281000,1,2.75375109,2725.0000
1622509328319000,1,0.30685980,2725.0000
1622509328526000,1,18.36046352,2725.0000
1622509328940000,0,4.58967000,2725.4700
1622509329114000,0,0.00000143,2725.4700
1622509329114000,0,0.19999857,2725.7000
1622509331951000,0,2.75298000,2725.9400
1622509335927000,1,2.50391095,2725.0000
1622509335928000,1,30.60303000,2725.0000
1622509335928000,1,13.84783669,2725.0000
1622509336025000,1,18.36185889,2725.0000
1622509336030000,1,2.75419297,2725.0000
1622509336132000,1,2.75000000,2725.0000
1622509336222000,1,2.05000000,2725.0000
1622509336241000,1,13.84951360,2725.0000
1622509336272000,1,13.84951360,2725.0000
1622509336297000,1,4.45000000,2725.0000
1622509336590000,1,18.36809856,2725.0000
1622509336602000,1,5.75000000,2725.0000
1622509336680000,1,1.30000000,2725.0000
1622509336844000,1,2.10000000,2725.0000
1622509337127000,0,0.20000000,2725.2500
1622509337127000,0,6.03000000,2725.2600
1622509337174000,1,18.36526483,2725.0000
1622509337178000,1,2.75521479,2725.0000
1622509337183000,1,3.67361972,2725.0000
1622509337192000,1,4.59153905,2725.0000
1622509337450000,1,1.60000000,2725.0000
1622509337480000,1,13.84797758,2725.0000
1622509337598000,1,1.85000000,2725.0000
1622509337598000,1,0.56873392,2725.0000
1622509337685000,1,18.36808111,2725.0000
1622509338227000,1,18.36620489,2725.0000
1622509338400000,1,0.00795226,2725.0100
1622509338400000,1,3.66566746,2725.0000
1622509338401000,1,2.75521479,2725.0000
1622509338812000,1,18.36554714,2725.0000
1622509339344000,1,18.36634806,2725.0000
1622509339723000,1,2.75475076,2725.0000
1622509340697000,1,18.36541080,2725.0000
1622509341062000,1,2.75472390,2725.0000
1622509341184000,1,18.36719318,2725.0000
1622509341722000,1,18.36764747,2725.0000
1622509342231000,1,18.36804390,2725.0000
1622509342360000,1,4.59215086,2725.0000
1622509342364000,1,2.75531998,2725.0000
1622509342384000,1,3.67340772,2725.0000
1622509342771000,1,18.36793855,2725.0000
1622509342954000,0,0.20000000,2725.0600
1622509343180000,0,0.44907968,2725.0600
1622509343180000,0,4.14232032,2725.1300
1622509343443000,0,0.20000000,2725.0600
1622509345829000,1,18.36714835,2725.0000
1622509346088000,1,2.05000000,2725.0000
1622509346154000,1,1.70000000,2725.0000
1622509346373000,1,18.36744256,2725.0000
1622509346413000,1,1.40000000,2725.0000
1622509346481000,1,2.75501320,2725.0000
1622509346482000,1,3.67354046,2725.0000
1622509347670000,0,0.20000000,2725.2500
1622509348829000,0,0.20000000,2725.1300
1622509349020000,0,0.20000000,2725.1300
1622509349359000,0,3.67228000,2725.7200
1622509349488000,0,0.00000532,2725.7200
1622509349488000,0,2.08631468,2725.7300
1622509349580000,0,0.66770147,2725.7300
1622509350130000,0,0.20000000,2725.7900
1622509352950000,0,0.00000328,2725.9400
1622509352950000,0,0.02289672,2726.2500
1622509354459000,0,2.75337186,2726.3100
1622509354561000,0,0.20000000,2726.4800
1622509354561000,0,0.44881932,2726.5600
1622509354561000,0,4.95929746,2726.5700
1622509354561000,0,0.54894301,2726.5700
1622509354561000,0,3.98799656,2726.7800
1622509356103000,0,3.67060947,2726.7900
1622509356103000,0,2.75253486,2726.8200
1622509359249000,0,2.10940000,2726.7900
1622509367383000,0,1.75783876,2726.2400
1622509367495000,0,0.99520742,2726.2400
1622509367495000,0,0.68923721,2726.2500
1622509367549000,0,2.40663768,2726.2500
1622509367585000,0,1.49319031,2726.2500
1622509367585000,0,0.33337038,2726.6100
1622509367617000,0,0.11546212,2726.6100
1622509367617000,0,3.28366335,2726.6200
1622509367694000,0,2.22340164,2726.6200
1622509367694000,0,0.20000000,2726.6400
1622509367694000,0,0.73328418,2726.9100
1622509367694000,0,2.25160962,2727.1000
1622509369274000,0,2.35000000,2726.2400
1622509369357000,0,0.40304000,2726.2400
1622509369457000,0,0.00000618,2726.2400
1622509369457000,0,4.58905382,2726.2500
1622509371611000,0,2.75304000,2726.2400
1622509371706000,0,0.00000618,2726.2400
1622509371706000,0,0.00001138,2726.2500
1622509371706000,0,3.75484244,2726.2500
1622509371819000,0,0.83421000,2726.2500
1622509375628000,0,2.75304000,2726.2400
1622509375787000,0,0.00000618,2726.2400
1622509375787000,0,0.00001276,2726.2500
1622509375787000,0,4.58905106,2726.2500
1622509380509000,0,2.75279000,2726.2000
1622509380651000,0,0.00000622,2726.2000
1622509380651000,0,0.00001414,2726.2500
1622509422827000,0,2.75280548,2725.6800
1622509422827000,0,3.67040731,2725.6900
1622509422827000,0,4.58800914,2725.9700
1622509427157000,1,0.28278243,2725.0000
1622509428317000,1,2.75346078,2725.0000
1622509428500000,1,1.00000000,2725.0000
1622509428528000,0,3.67114000,2725.3000
1622509430808000,1,1.27692081,2725.0000
1622509431688000,1,0.63992657,2725.0000
1622509432693000,1,2.75363727,2725.0000
1622509432888000,1,5.35025000,2725.0000
1622509432974000,1,18.36035617,2725.0000
1622509433480000,1,18.36142469,2725.0000
1622509433595000,1,2.71800000,2725.0000
1622509433895000,1,3.67207124,2725.0000
1622509434226000,0,0.00000752,2725.3000
1622509434226000,0,4.59037366,2725.4000
1622509434226000,0,1.64961882,2725.5100
1622509436441000,0,0.41700000,2725.6400
1622509436441000,0,2.75349000,2725.6400
1622509436547000,0,0.00000539,2725.6400
1622509440014000,1,0.55802342,2725.0000
1622509440046000,1,0.36344946,2725.0000
1622509441173000,0,2.75390000,2725.3900
1622509441856000,0,0.00000363,2725.3900
1622509441856000,0,3.67186637,2725.4000
1622509442084000,0,3.76818173,2726.2100
1622509442085000,0,1.73945985,2726.2100
1622509442157000,0,0.82259595,2726.3800
1622509442172000,0,4.09998789,2726.3800
1622509442523000,0,0.72610044,2726.6200
1622509444690000,1,7.40000000,2726.5200
1622509444690000,1,0.56200000,2726.5000
1622509447801000,1,0.20000000,2727.4800
1622509449823000,1,0.20000000,2727.6300
1622509451925000,1,0.20000000,2728.3000
1622509454252000,1,0.20000000,2727.9100
1622509474485000,1,1.52119958,2726.9400
1622509480189000,0,2.75122953,2727.4200
1622509480189000,0,7.40000000,2727.8700
1622509480189000,0,0.58231983,2728.1000
1622509480189000,0,1.26645064,2728.1300
1622509488601000,0,2.75084000,2727.9100
1622509488923000,0,0.00000273,2727.9100
1622509488923000,0,3.31849727,2728.1300
1622509490079000,0,0.00000993,2728.1300
1622509490079000,0,5.49999007,2728.6800
1622509490111000,0,2.75007140,2728.3700
1622509490111000,0,0.00196794,2728.6800
1622509490124000,0,3.66658251,2728.6400
1622509492760000,0,2.74997000,2728.6800
1622509492974000,0,0.00000913,2728.6800
1622509502918000,0,2.79700000,2729.3400
1622509504537000,0,7.91000000,2729.7900
1622509504571000,0,0.00472150,2729.7900
1622509514345000,0,2.74921609,2729.5900
1622509531802000,0,2.74967184,2728.8400
1622509531802000,0,3.48032816,2728.9900
1622509541546000,1,7.91472150,2727.6600
1622509566539000,0,2.85000000,2725.7600
1622509566621000,0,0.82020000,2725.7600
1622509566747000,0,0.00000765,2725.7600
1622509566747000,0,4.58774235,2725.7700
1622509570454000,1,18.35576653,2725.0000
1622509570632000,1,3.67115331,2725.0000
1622509570641000,1,3.67104015,2725.0000
1622509570759000,1,0.46493546,2725.0000
1622509570760000,1,0.46554319,2725.0000
1622509570975000,1,18.35755917,2725.0000
1622509571507000,1,18.35825208,2725.0000
1622509572000000,1,2.87555000,2725.0000
1622509572028000,1,18.35953905,2725.0000
1622509572031000,1,6.27233689,2725.0000
1622509572103000,1,3.85000000,2725.0000
1622509572128000,1,2.75385104,2725.0000
1622509572129000,1,3.67180138,2725.0000
1622509572134000,1,4.28787990,2725.0000
1622509572135000,1,4.58975173,2725.0000
1622509572146000,1,5.50819929,2725.0000
1622509572170000,1,8.00000000,2725.0000
1622509572235000,1,7.25000000,2725.0000
1622509572238000,1,5.07000000,2725.0000
1622509572324000,1,9.20000000,2725.0000
1622509572422000,1,3.55000000,2725.0000
1622509572490000,1,6.15000000,2725.0000
1622509572561000,1,18.36100624,2725.0000
1622509572562000,1,4.05000000,2725.0000
1622509572649000,1,2.85000000,2725.0000
1622509572725000,1,9.25000000,2725.0000
1622509572795000,1,2.15000000,2725.0000
1622509572895000,1,1.55000000,2725.0000
1622509573040000,1,0.35000000,2725.0000
1622509573422000,1,18.35830184,2725.0000
1622509573510000,1,2.75384154,2725.0000
1622509573900000,0,1.80000000,2725.2600
1622509573973000,0,1.65000000,2725.2600
1622509574064000,0,0.22166000,2725.2600
1622509574137000,1,38.31094585,2725.0000
1622509574816000,1,0.72675215,2725.0000
1622509574862000,1,4.25000000,2725.0000
1622509574870000,1,0.24000000,2725.0000
1622509574910000,1,13.74472477,2725.0000
1622509574911000,1,1.89931193,2725.0000
1622509574923000,1,0.48000000,2725.0000
1622509574924000,1,18.36140298,2725.0000
1622509574932000,1,107.76207905,2725.0000
1622509574952000,1,0.91032110,2725.0000
1622509574954000,1,3.14678899,2725.0000
1622509575030000,1,1.29600000,2725.0000
1622509575063000,1,1.29630717,2725.0000
1622509575491000,1,18.36214225,2725.0000
1622509575791000,1,0.73300000,2725.0000
1622509575949000,1,4.59053705,2725.0000
1622509575951000,1,2.75432223,2725.0000
1622509576054000,1,18.36213810,2725.0000
1622509576447000,1,2.50619266,2725.0000
1622509576448000,1,3.97844037,2725.0000
1622509576455000,1,2.88881571,2725.0000
1622509576512000,1,0.80917431,2725.0000
1622509576515000,1,2.79839450,2725.0000
1622509576564000,1,18.36337730,2725.0000
1622509576663000,1,0.37265000,2725.0000
1622509576738000,1,0.92553000,2725.0000
1622509576944000,1,0.52881147,2725.0000
1622509577145000,1,18.36452443,2725.0000
1622509577177000,1,3.67303311,2725.0000
1622509577178000,1,2.75467867,2725.0000
1622509577184000,1,4.59090366,2725.0000
1622509577786000,1,18.36292707,2725.0000
1622509578139000,1,0.73800000,2725.0000
1622509578225000,1,0.36575000,2725.0000
1622509578349000,1,18.36496297,2725.0000
1622509578958000,1,2.75467867,2725.0000
1622509580379000,1,2.75448132,2725.0000
1622509580524000,1,0.74320000,2725.0000
1622509580685000,1,18.36534953,2725.0000
1622509580873000,1,0.54878588,2725.0000
1622509581214000,1,0.18583977,2725.0000
1622509581230000,1,18.36534953,2725.0000
1622509581252000,1,0.38170464,2725.0000
1622509581364000,1,0.26936236,2725.0000
1622509581481000,1,2.75470712,2725.0000
1622509581794000,1,2.37356915,2725.0000
1622509582543000,1,0.12000000,2725.0000
1622509582559000,1,0.21591187,2725.0000
1622509583026000,1,0.43400000,2725.0000
1622509583271000,1,0.18800000,2725.0000
1622509583340000,1,3.67286912,2725.0000
1622509583367000,1,2.75470712,2725.0000
1622509583660000,1,18.36551007,2725.0000
1622509583730000,1,0.08337294,2725.0000
1622509583838000,1,0.17090000,2725.0000
1622509583937000,1,1.06751944,2725.0000
1622509584188000,1,18.36626957,2725.0000
1622509584470000,1,5.13600917,2725.0000
1622509584511000,1,0.74000000,2725.0000
1622509584526000,1,2.75470712,2725.0000
1622509584560000,1,3.67286912,2725.0000
1622509584581000,1,1.29289131,2725.0000
1622509584728000,1,18.36620525,2725.0000
1622509584897000,1,2.90255562,2725.0000
1622509585178000,1,0.36424000,2725.0000
1622509585228000,1,0.07716921,2725.0000
1622509585324000,1,18.36565427,2725.0000
1622509585435000,1,0.36782984,2725.0000
1622509585939000,1,18.36494926,2725.0000
1622509586096000,1,1.64204134,2725.0000
1622509586123000,1,0.55112838,2725.0000
1622509586208000,1,1.98922018,2725.0000
1622509586212000,1,0.97775230,2725.0000
1622509586232000,1,6.31605504,2725.0000
1622509586307000,1,2.75470712,2725.0000
1622509586308000,1,4.59155132,2725.0000
1622509586309000,1,4.59145435,2725.0000
1622509586513000,1,18.36754356,2725.0000
1622509586527000,1,0.37240946,2725.0000
1622509586528000,1,0.19213075,2725.0000
1622509586530000,1,0.22075607,2725.0000
1622509586980000,1,0.15653821,2725.0000
1622509586993000,1,18.36638982,2725.0000
1622509587209000,0,0.20000000,2725.0700
1622509587342000,0,1.62834000,2725.0800
1622509587421000,0,5.77166000,2725.0800
1622509588485000,0,7.40000000,2725.0100
1622509588485000,0,0.20000000,2725.0100
1622509589221000,1,0.74425000,2725.0000
1622509589258000,1,2.75434962,2725.0000
1622509589558000,1,1.80343851,2725.0000
1622509589849000,1,0.22902486,2725.0000
1622509589924000,1,0.14422172,2725.0000
1622509590409000,1,2.75431759,2725.0000
1622509590919000,1,0.20972000,2725.0000
1622509592029000,1,1.14090986,2725.0000
1622509594413000,1,6.02166000,2725.0000
1622509594493000,1,8.98702075,2725.0000
1622509594494000,1,0.92430000,2725.0000
1622509594513000,1,8.98702075,2725.0000
1622509594515000,1,18.36497187,2725.0000
1622509594535000,1,0.15000000,2725.0000
1622509594536000,1,2.55955929,2725.0000
1622509594543000,1,8.98660000,2725.0000
1622509594544000,1,4.59124297,2725.0000
1622509594544000,1,3.67299438,2725.0000
1622509594549000,1,3.67282917,2725.0000
1622509594560000,1,0.16036000,2725.0000
1622509594619000,1,1.28500000,2725.0000
1622509594719000,1,0.47000000,2725.0000
1622509594763000,1,48.42756660,2725.0000
1622509595268000,1,0.20126000,2723.0800
1622509595408000,1,0.72600000,2723.0800
1622509596518000,0,0.20000000,2724.3800
1622509596518000,0,0.80000000,2724.3900
1622509601067000,1,0.54500000,2722.5000
1622509611935000,1,5.00000000,2723.2300
1622509629557000,0,0.00001721,2725.7700
1622509629557000,0,6.23998279,2725.7700
1622509632966000,1,0.14414000,2724.9400
1622509644036000,0,2.75545000,2722.9300
1622509654721000,1,0.09999999,2720.0000
1622509654722000,1,0.00000001,2720.0000
1622509655286000,1,0.34411056,2718.4400
1622509655603000,1,0.40696483,2718.7200
1622509655603000,1,0.03481626,2718.4400
1622509655795000,1,0.40696483,2718.4400
1622509658320000,0,2.20000000,2719.0300
1622509661554000,1,2.00000000,2717.6300
1622509661726000,0,4.10000000,2719.9500
1622509665131000,0,0.59633960,2719.2400
1622509665212000,0,2.16372206,2719.2400
1622509668077000,1,0.13494087,2718.7700
1622509668160000,1,0.05871796,2718.7700
1622509668162000,1,0.09051481,2718.7700
1622509668181000,1,0.25599638,2718.7700
1622509668226000,1,0.04246916,2718.7700
1622509690187000,0,2.76505376,2714.6300
1622509690585000,1,0.70642725,2714.0000
1622509690585000,1,8.15011339,2712.8600
1622509690585000,1,4.31957381,2712.3200
1622509707899000,1,1.59244185,2716.4900
1622509712900000,0,1.40000000,2718.2800
1622509712900000,0,2.76113908,2718.3500
1622509712905000,0,3.68153623,2718.4600
1622509726330000,0,6.26000000,2718.6800
1622509737056000,0,2.76173000,2716.9500
1622509751545000,0,2.76347000,2715.4100
1622509761159000,0,0.00000327,2716.9500
1622509761159000,0,3.90600000,2717.7600
1622509770594000,0,2.49700000,2720.2900
1622509774216000,0,1.65472150,2722.5300
1622509774216000,0,6.95585969,2722.5300
1622509817406000,0,0.80918189,2714.8800
1622509822786000,0,2.76383144,2715.2100
1622509822786000,0,0.72740258,2716.2400
1622509822786000,0,0.20000000,2716.4800
1622509822786000,0,2.55876598,2716.5100
1622509833708000,1,0.79587000,2713.7500
1622509837932000,1,0.00778484,2711.6800
1622509838249000,1,0.10000000,2710.0000
1622509839326000,1,0.47188285,2708.2600
1622509839377000,1,0.73814884,2708.2600
1622509839380000,1,0.78644582,2708.2600
1622509841160000,1,0.59179428,2708.9100
1622509841160000,1,2.06608872,2708.3400
1622509841723000,0,2.76959000,2709.6800
1622509844753000,1,0.82249172,2709.8400
1622509848633000,1,3.40000000,2709.1600
1622509856015000,1,3.28318028,2707.2800
1622509856026000,1,1.23154122,2707.2800
1622509856026000,1,1.56429349,2707.2200
1622509864134000,1,0.01407300,2705.9500
1622509864134000,1,0.01121368,2705.9000
1622509864134000,1,0.37709332,2705.5800
1622509866015000,0,2.77157793,2707.5300
1622509866108000,0,4.61929654,2708.1100
1622509866143000,0,7.91472150,2708.0500
1622509883451000,0,0.01374024,2715.3800
1622509920358000,0,2.76640636,2712.8000
1622509920358000,0,3.50359364,2713.1900
1622509924170000,1,0.02100000,2709.1700
1622509932742000,1,0.58948717,2709.2400
1622509932742000,1,1.32756713,2709.0900
1622509942039000,0,0.05036000,2710.6800
1622509961389000,0,2.76673848,2712.1500
1622509969730000,1,0.41441567,2712.8900
1622510023687000,1,0.50000000,2709.1400
1622510039969000,0,2.76801208,2710.9100
1622510059841000,0,2.77001944,2708.7700
1622510065374000,0,2.19000000,2709.5400
1622510065476000,0,3.00000000,2710.0000
1622510090171000,0,4.44600000,2711.6400
1622510104178000,0,2.72540630,2714.1000
1622510110222000,0,7.74500000,2715.1600
1622510202827000,0,2.76399929,2715.1700
1622510213228000,0,2.76568625,2713.2900
1622510221568000,0,0.32743395,2714.4100
1622510224500000,0,2.76431000,2714.4200
1622510228004000,0,0.00000203,2714.4200
1622510228004000,0,2.76430797,2714.4200
1622510228023000,0,0.00000406,2714.4200
1622510233503000,1,0.04454000,2715.1800
1622510241647000,0,2.76346606,2715.6400
1622510256380000,0,2.76467000,2714.4000
1622510293096000,0,2.76741000,2711.4800
1622510301473000,1,1.03321551,2711.5400
1622510306693000,0,1.89926523,2714.4800
1622510350061000,0,2.77090957,2707.9600
1622510361436000,0,5.06400000,2710.6900
1622510395056000,1,7.74500000,2704.9800
1622510426112000,1,0.61739000,2703.2700
1622510430843000,1,0.74193000,2703.4400
1622510445259000,1,0.16100000,2700.3500
1622510453842000,0,0.34800000,2703.1000
1622510459839000,0,0.33000000,2703.7800
1622510459839000,0,2.77579701,2703.9100
1622510459839000,0,0.45255843,2704.2000
1622510459839000,0,1.13150491,2704.2000
1622510459839000,0,0.62359096,2704.2100
1622510460761000,1,0.62359000,2704.2100
1622510467728000,0,0.45263881,2703.5400
1622510467728000,0,2.77589440,2703.5600
1622510467730000,0,3.70075160,2704.1900
1622510467730000,0,4.62631882,2704.3200
1622510467730000,0,2.50000000,2704.4000
1622510467730000,0,2.50000000,2704.4100
1622510467730000,0,0.32900000,2704.4200
1622510467730000,0,0.25109371,2704.4300
1622510476376000,1,0.16100000,2699.9200
1622510476383000,1,0.19000000,2699.7700
1622510477019000,1,2.00000000,2698.7200
1622510494189000,1,8.28864426,2696.9100
1622510494189000,1,1.74035905,2696.9000
1622510507173000,1,0.01853074,2694.7100
1622510507284000,1,0.00000001,2694.7100
1622510513408000,0,0.24199999,2694.6000
1622510523832000,0,0.00000001,2694.6000
1622510523832000,0,0.30400000,2695.2700
1622510524822000,0,0.24200000,2695.9400
1622510539659000,1,0.07550203,2693.1700
1622510577909000,1,0.24077220,2694.7200
1622510586860000,0,0.04700000,2696.6100
1622510587356000,0,0.00017000,2696.6100
1622510587356000,0,0.21600000,2696.6700
1622510588396000,0,0.19800000,2697.3400
1622510611941000,0,0.19600000,2698.0100
1622510663939000,0,1.86700000,2693.5500
1622510666042000,0,0.11600000,2693.8100
1622510688312000,1,1.49999999,2689.1000
1622510688325000,1,0.00000001,2689.1000
1622510700859000,1,0.04700000,2688.1100
1622510701143000,1,0.57473448,2688.1100
1622510731200000,0,0.10700000,2687.9600
1622510736216000,1,0.10809438,2687.9800
1622510768263000,0,2.00598123,2684.8400
1622510768270000,0,0.78930526,2684.8400
1622510768359000,0,1.99534136,2685.0200
1622510768413000,1,0.64985426,2683.6000
1622510768413000,1,2.32102505,2683.5000
1622510769063000,1,0.91194804,2683.5000
1622510770012000,0,0.45515844,2686.1500
1622510770106000,0,1.13700000,2686.4900
1622510771541000,1,7.40000000,2685.8400
1622510777587000,1,3.42716000,2683.5000
1622510777641000,1,0.00000710,2683.5000
1622510785416000,1,2.07403189,2682.1500
1622510785538000,1,3.72767000,2682.1500
1622510785540000,1,0.00000831,2682.1500
