timestamp ms,type,amount,price
1622764819948000,0,0.57044390,2858.3300
1622764819970000,0,0.00000001,2858.3300
1622764852086000,1,13.74249329,2852.3000
1622764852286000,1,13.74580783,2852.3000
1622764852290000,1,12.97489426,2852.3000
1622764853725000,0,0.20000000,2853.3200
1622764853725000,0,0.80000000,2853.3200
1622764865290000,1,2.04100000,2850.2700
1622764865290000,1,0.26943152,2850.2700
1622764868528000,0,0.01931968,2850.4600
1622764868725000,1,0.30184574,2848.3300
1622764920808000,0,0.37107817,2856.9300
1622764920808000,0,0.57465831,2857.3900
1622764920812000,0,0.37107818,2857.3900
1622764921061000,0,0.99999999,2858.3300
1622764921289000,0,2.38596289,2857.3100
1622764921385000,0,0.00000001,2858.3300
1622764922259000,0,1.03000000,2858.2600
1622764923917000,0,1.09200000,2857.8900
1622764923958000,0,0.00016298,2857.8900
1622764926133000,1,3.84819881,2856.7700
1622764926413000,1,0.45180118,2856.7700
1622764926426000,1,0.00000001,2856.7700
1622764935771000,1,0.20431154,2853.9400
1622764936795000,1,0.00000001,2853.9400
1622764936797000,1,11.67100000,2852.9500
1622764937117000,1,1.57428781,2852.9500
1622764937169000,1,0.00000001,2852.9500
1622764943355000,0,0.35556078,2851.7300
1622764966009000,0,0.03400000,2853.2500
1622764966037000,0,0.00036000,2853.2500
1622764973760000,1,0.45940674,2854.1100
1622764973880000,1,0.00000001,2854.1100
1622764986518000,1,0.03400000,2851.1800
1622764987143000,1,13.72731717,2851.1800
1622764987157000,1,0.53035102,2851.1800
1622764987474000,1,7.70833180,2851.1800
1622764987507000,1,0.00000001,2851.1800
1622764987507000,1,0.38026715,2851.0500
1622764996786000,0,0.08722347,2851.8700
1622765004916000,1,0.42305205,2848.8300
1622765009322000,1,7.43114667,2847.5300
1622765009590000,1,0.13444411,2847.3100
1622765013703000,1,0.01754450,2846.1900
1622765031042000,0,0.18273320,2847.8000
1622765044204000,1,0.00742293,2843.8900
1622765044204000,1,0.19601991,2843.7200
1622765044651000,1,0.37252155,2843.0500
1622765045571000,1,0.18999999,2841.4700
1622765045630000,1,0.00000001,2841.4700
1622765046762000,0,1.05867044,2841.3200
1622765046762000,0,1.39750471,2841.6700
1622765052089000,1,0.34958733,2839.0900
1622765052499000,1,0.01758893,2839.0000
1622765053176000,1,0.01759779,2837.5700
1622765053179000,1,0.00000001,2837.5700
1622765056412000,0,0.55300000,2839.6100
1622765056425000,0,0.00073307,2839.6100
1622765073950000,0,6.01482461,2843.1300
1622765079374000,0,1.07700000,2842.4000
1622765082132000,0,0.00000001,2843.1300
1622765082132000,0,13.74425983,2843.1300
1622765082883000,0,0.27474017,2843.1300
1622765085374000,1,0.39269742,2841.8000
1622765094020000,1,7.52944172,2841.2200
1622765107718000,0,0.46500000,2843.8500
1622765111723000,0,2.50631434,2844.2800
1622765111813000,0,6.45668566,2844.2800
1622765115963000,0,0.49210969,2843.3200
1622765125079000,1,0.36745478,2839.2100
1622765146091000,1,0.84340899,2835.2600
1622765147150000,1,1.04861852,2835.0700
1622765151190000,1,4.00000000,2834.0000
1622765151208000,1,9.15269908,2833.8600
1622765151329000,1,11.51539282,2833.7400
1622765151638000,1,1.54516522,2832.4700
1622765181068000,1,4.41136799,2831.9200
1622765183079000,1,0.19261000,2829.4200
1622765183177000,1,0.00000607,2829.4200
1622765183863000,0,0.02000000,2830.2600
1622765184385000,1,3.31999210,2830.5500
1622765184392000,1,0.00000001,2830.5500
1622765185647000,0,0.20000000,2830.9100
1622765185647000,0,0.17745882,2830.9100
1622765186769000,0,0.20000000,2831.3700
1622765186919000,1,0.22053000,2831.6900
1622765187251000,0,0.05000000,2831.7800
1622765187251000,0,0.26584375,2832.1200
1622765188454000,1,0.32863498,2831.3400
1622765188454000,1,2.64911945,2829.2300
1622765188454000,1,0.04554557,2828.9700
1622765201173000,1,2.05200000,2828.1300
1622765201173000,1,2.05200000,2828.1200
1622765201173000,1,2.05200000,2828.1100
1622765201173000,1,0.91797704,2828.1000
1622765201173000,1,0.14457910,2828.1000
1622765201183000,1,0.36467923,2827.8800
1622765201183000,1,1.93620000,2827.7800
1622765216184000,0,2.89263640,2827.8700
1622765216225000,0,0.86314000,2827.8300
1622765232957000,1,0.02000000,2825.3500
1622765236000000,1,0.06769194,2825.1400
1622765236000000,1,2.65318935,2825.1300
1622765236000000,1,3.53759618,2824.9200
1622765236000000,1,0.22934750,2824.8400
1622765236000000,1,11.49700000,2824.5500
1622765236000000,1,7.83893020,2824.1500
1622765236000000,1,4.17624483,2824.1500
1622765236288000,1,5.20206769,2824.1600
1622765248607000,1,2.65441000,2823.8300
1622765258394000,1,0.20000000,2827.1000
1622765269768000,0,0.03200000,2829.1500
1622765269892000,0,0.00005000,2829.1500
1622765277920000,1,0.24381744,2831.2500
1622765288410000,1,0.41781000,2826.7000
1622765289511000,1,0.31100000,2827.1600
1622765290877000,1,0.31705000,2827.4300
1622765292679000,1,0.38600000,2826.5400
1622765293923000,1,0.42084000,2826.6900
1622765325574000,1,3.53759000,2825.2300
1622765328555000,1,2.65447311,2824.0500
1622765328575000,1,0.00000029,2823.8300
1622765328575000,1,1.02347596,2823.8300
1622765343323000,0,4.47297577,2827.5800
1622765343361000,0,2.23863157,2827.5800
1622765354760000,1,0.37970000,2830.8100
1622765363484000,1,0.39184000,2831.2400
1622765364771000,1,0.78771208,2830.0000
1622765365924000,1,0.34042000,2830.3200
1622765370609000,1,0.37582000,2827.7800
1622765385234000,1,1.30195070,2827.5400
1622765385235000,1,2.65118347,2827.5400
1622765385236000,1,4.52886583,2827.5400
1622765385236000,1,2.65118347,2827.3200
1622765385299000,1,2.39002437,2827.0000
1622765385343000,1,0.32758767,2827.0000
1622765385343000,1,3.53491511,2826.9900
1622765385348000,1,0.08451389,2827.0000
1622765386195000,1,8.22035490,2825.4200
1622765398495000,1,1.36511539,2823.5700
1622765399263000,1,0.90254758,2823.5700
1622765399284000,1,1.70725801,2823.5700
1622765399303000,1,4.51907902,2823.5700
1622765400268000,1,0.01768512,2823.5600
1622765400272000,1,8.53197839,2823.4200
1622765400278000,1,0.43105419,2822.9300
1622765413496000,1,0.92766671,2821.2800
1622765415321000,1,8.50200000,2820.1000
1622765415415000,1,0.90000000,2820.0000
1622765425123000,1,0.01772058,2817.9100
1622765425123000,1,2.26271438,2817.7000
1622765430452000,0,0.35400000,2817.9500
1622765438659000,1,2.75282434,2815.0100
1622765439752000,0,0.61171800,2815.5700
1622765440035000,0,0.03219647,2815.5700
1622765440343000,0,0.61171800,2817.8600
1622765441685000,1,0.60131918,2815.0100
1622765441685000,1,0.41000000,2814.9800
1622765441685000,1,0.36537708,2814.9200
1622765441685000,1,0.19697353,2814.8800
1622765442606000,1,7.80350000,2814.9000
1622765445090000,1,0.36537000,2815.0200
1622765445096000,0,4.37307834,2816.5300
1622765445103000,0,13.78131953,2816.5300
1622765445112000,0,2.79276751,2816.5300
1622765445137000,0,6.75283462,2816.5300
1622765445158000,1,4.07192505,2815.0200
1622765446473000,0,0.33805510,2815.2900
1622765450448000,0,0.41000000,2818.9400
1622765451518000,0,0.17000000,2819.2400
1622765451541000,0,0.00747893,2819.2400
1622765457867000,0,1.09000000,2821.8100
1622765461249000,1,0.97308909,2820.7500
1622765461660000,0,0.89747000,2820.9000
1622765466829000,0,0.37962119,2819.8900
1622765474778000,1,6.10000000,2818.0000
1622765474849000,1,3.20172000,2818.0000
1622765476427000,1,0.00000817,2818.0000
1622765493541000,0,0.09000000,2820.7700
1622765493548000,0,0.00317644,2820.7700
1622765497021000,0,2.58146876,2823.5800
1622765506468000,0,0.34000000,2823.4900
1622765506473000,0,0.00003026,2823.4900
1622765508733000,0,0.32827717,2823.6500
1622765509484000,1,2.65536000,2822.7700
1622765511637000,1,0.00000230,2822.7700
1622765511637000,1,2.65535770,2822.7700
1622765511846000,1,0.00000460,2822.7700
1622765511846000,1,3.54049540,2822.5300
1622765523654000,1,0.21673947,2823.2900
1622765523690000,1,2.43861719,2823.2900
1622765533459000,1,0.00001286,2822.5300
1622765570446000,0,0.04647257,2825.0000
1622765572246000,1,0.01926824,2822.7700
1622765575264000,1,0.00832933,2823.3400
1622765575266000,0,0.30402605,2825.0000
1622765575280000,0,0.34496586,2825.0000
1622765575957000,0,6.97900000,2825.0000
1622765577083000,0,0.00053552,2825.0000
1622765577083000,0,0.35142596,2825.3800
1622765599641000,1,2.19010459,2824.4200
1622765599675000,1,2.65446033,2824.3800
1622765637645000,0,0.01772058,2828.1100
1622765637762000,0,2.38551334,2829.1500
1622765638176000,0,1.80462903,2828.3700
1622765642061000,0,2.81723519,2829.5300
1622765642066000,0,1.41028060,2829.5300
1622765642086000,0,1.42126409,2829.5300
1622765681571000,0,0.39779000,2825.8300
1622765685612000,0,0.42944000,2825.9600
1622765687039000,0,5.40727319,2826.5700
1622765687063000,0,2.69138258,2826.5700
1622765687076000,0,8.60734423,2826.5700
1622765688153000,0,0.39898264,2826.2800
1622765688248000,1,2.25358341,2826.5400
1622765689361000,0,0.39286285,2826.4100
1622765694973000,0,1.11750354,2827.0500
1622765694973000,0,1.40000000,2827.0500
1622765694973000,0,10.24236831,2827.0700
1622765694973000,0,2.24012815,2827.0800
1622765702463000,0,0.38313000,2826.4700
1622765703686000,0,0.42548000,2826.6800
1622765705325000,0,0.40220000,2826.8100
1622765706612000,0,0.32753000,2826.8900
1622765706729000,0,0.00000217,2826.8900
1622765706919000,1,2.33701460,2827.5400
1622765727558000,0,10.68100000,2829.4900
1622765730730000,1,1.21152079,2829.5400
1622765733906000,1,0.96207808,2830.1900
1622765736859000,1,0.41403175,2830.7800
1622765737077000,1,0.43487020,2830.7800
1622765737235000,1,0.10853632,2830.7800
1622765738105000,0,0.24000000,2833.3900
1622765738126000,0,0.00492622,2833.3900
1622765739576000,0,0.70000000,2834.9500
1622765739722000,0,0.00799021,2834.9500
1622765742611000,1,2.17355659,2835.1500
1622765744312000,1,1.07190520,2834.9100
1622765747979000,1,0.39710000,2833.4000
1622765747979000,1,0.63711970,2833.4000
1622765782319000,0,1.21462695,2835.7700
1622765782320000,0,6.70651720,2835.7700
1622765782320000,0,2.44647802,2835.7700
1622765783882000,0,2.05218228,2834.3400
1622765788520000,0,0.20000000,2832.1100
1622765788520000,0,0.91040225,2832.1100
1622765788573000,0,1.22902631,2832.1100
1622765788620000,0,0.20000000,2832.1000
1622765788620000,0,1.57334319,2832.1100
1622765810760000,1,0.49229800,2826.7800
1622765844862000,0,0.28900000,2830.1100
1622765847091000,0,0.22000000,2830.8200
1622765847206000,0,0.24492000,2831.4700
1622765847320000,0,0.00000621,2831.4700
1622765847320000,0,0.21499379,2831.5300
1622765847335000,0,0.00000621,2831.5300
1622765891781000,1,0.95100000,2828.7900
1622765893819000,1,7.13725691,2827.2400
1622765895435000,1,1.15980000,2826.0000
1622765895477000,1,0.00000324,2826.0000
1622765912220000,0,0.01321509,2824.8000
1622765926199000,1,0.28539000,2825.4000
1622765940323000,0,0.32532204,2826.4300
1622765955859000,1,0.01931968,2824.8600
1622765963847000,1,1.91632158,2824.1700
1622765963866000,1,0.73838802,2824.1700
1622765963950000,1,5.78706610,2823.5700
1622765963952000,1,1.13569442,2823.5700
1622765963977000,1,3.06239899,2823.5800
1622765963998000,1,1.17976543,2823.5800
1622765968402000,0,4.50000000,2822.9800
1622765976471000,0,0.02000000,2822.7100
1622765976471000,0,0.20000000,2822.7200
1622765976471000,0,4.28000000,2822.9500
1622765994045000,0,14.59700000,2822.3100
1622765994320000,0,5.12800000,2822.3100
1622766040544000,0,1.16575000,2819.2500
1622766040544000,0,0.00000394,2819.2500
1622766044511000,1,2.65893192,2819.7600
1622766044511000,1,1.77195808,2819.6900
1622766073246000,1,0.89300000,2818.9400
1622766073252000,1,0.00083870,2818.9400
1622766133680000,0,0.19000000,2817.2200
1622766135837000,0,0.18620000,2817.9200
1622766144027000,0,0.00380000,2817.9200
1622766144027000,0,0.14999999,2818.6200
1622766144073000,0,0.00000001,2818.6200
1622766144353000,0,0.18700000,2819.3200
1622766146015000,0,0.14700000,2820.0200
1622766147654000,0,0.00300000,2820.0200
1622766149353000,0,0.15500000,2820.7200
1622766150289000,0,0.16299999,2821.4200
1622766150295000,0,0.00000001,2821.4200
1622766155104000,0,0.16300000,2822.1200
1622766164254000,1,0.71540000,2818.8200
1622766165790000,1,0.00000928,2818.8200
1622766195649000,0,0.08889000,2819.1800
1622766242675000,1,2.27973000,2819.5000
1622766250500000,1,1.40000000,2815.8300
1622766251338000,1,0.42242803,2814.6200
1622766251449000,1,0.71994109,2814.6200
1622766251581000,1,0.01471228,2813.8900
1622766251682000,1,0.01774968,2813.2900
1622766252290000,0,3.00000000,2814.5600
1622766253222000,0,0.20000000,2812.7800
1622766253295000,1,0.58847000,2812.8700
1622766253350000,1,0.00000512,2812.8700
1622766253896000,1,0.87086361,2813.3100
1622766255024000,1,0.31924000,2812.9900
1622766255341000,1,0.00000560,2812.9900
1622766255341000,1,0.02199440,2810.3500
1622766255479000,0,0.80233018,2813.1800
1622766255613000,0,0.20000000,2814.0000
1622766257151000,0,0.31145287,2814.4200
1622766257284000,0,0.61970000,2814.4100
1622766273755000,1,0.43000000,2812.4000
1622766290694000,0,12.77900000,2813.0100
1622766309002000,1,3.75400000,2810.2400
1622766309033000,1,0.00047648,2810.2400
1622766309423000,1,0.78000000,2810.0000
1622766309423000,1,0.03000000,2810.0000
1622766309423000,1,0.03000000,2810.0000
1622766309423000,1,0.03000000,2810.0000
1622766311163000,0,0.20000000,2810.2400
1622766311163000,0,4.42028688,2810.8500
1622766311268000,1,1.76599999,2807.9000
1622766312428000,1,0.03944400,2807.9200
1622766312718000,1,1.03490900,2806.6400
1622766313503000,1,0.01475898,2806.4300
1622766313503000,1,0.01008300,2805.7600
1622766313503000,1,1.07212940,2805.7500
1622766313566000,1,1.32553764,2805.7500
1622766315137000,0,0.43300000,2806.8800
1622766315259000,0,3.80093084,2807.3300
1622766315362000,0,1.28637464,2807.3300
1622766315373000,0,0.98526113,2807.3300
1622766315398000,1,0.03018173,2806.3300
1622766315674000,0,1.03490900,2808.1200
1622766317544000,0,0.38500000,2808.6400
1622766319311000,0,0.00014423,2808.6400
1622766319345000,1,7.82064481,2807.9400
1622766319345000,1,0.40629277,2807.9200
1622766319345000,1,4.30000000,2807.8900
1622766319345000,1,0.37756242,2807.6200
1622766319682000,1,0.03018173,2808.6500
1622766321337000,0,0.99300000,2810.6700
1622766322199000,0,0.00083840,2810.6700
1622766345824000,0,1.15980323,2814.0600
1622766345824000,0,6.29400000,2814.2000
1622766381463000,1,2.13700000,2809.8300
1622766505895000,1,0.35900000,2810.9400
1622766506954000,1,1.57066242,2809.5900
1622766506978000,1,0.96013342,2809.5900
1622766507069000,1,0.58596045,2809.5900
1622766543554000,0,0.29298023,2812.6800
1622766582572000,0,0.14649011,2813.8700
1622766584702000,1,2.66410364,2814.1100
1622766584702000,1,8.38289636,2814.0800
1622766600573000,0,2.11002525,2817.4900
1622766614927000,1,0.37214650,2811.5200
1622766614935000,1,0.00000001,2811.5200
1622766617164000,1,0.04100400,2810.3300
1622766661465000,1,0.01713800,2810.1200
1622766663131000,0,0.27524135,2810.4900
1622766666485000,1,0.88521945,2808.3300
1622766666490000,1,13.79576582,2807.8000
1622766668774000,1,0.31214113,2807.3200
1622766669632000,0,0.20000000,2807.4700
1622766691511000,0,0.07324000,2812.8700
1622766691670000,0,0.00000506,2812.8700
1622766697410000,1,2.26897000,2810.8500
1622766697445000,1,0.00000514,2810.8500
1622766767683000,1,2.66997158,2808.1000
1622766767683000,1,3.55999698,2807.9100
1622766767798000,1,4.45000000,2807.3100
1622766767807000,1,0.00036634,2807.3100
1622766767816000,1,4.20767920,2807.3000
1622766801175000,0,0.05631000,2807.9900
1622766827259000,1,0.03700000,2807.0000
1622766827265000,1,0.85000000,2807.0000
1622766827268000,1,0.57000000,2807.0000
1622766829830000,1,1.54000000,2807.0000
1622766881708000,1,0.29931000,2812.0500
1622766890502000,0,1.76628270,2813.3600
1622766890506000,0,0.90630065,2813.3600
1622766890519000,0,1.49101075,2813.3600
1622766890519000,0,1.46177524,2813.3600
1622766890527000,0,2.25113388,2813.3600
1622766890531000,0,4.03449967,2813.3600
1622766890613000,0,0.49699711,2813.3600
1622766897900000,0,1.30586256,2815.0600
1622766938525000,1,2.67047453,2809.3800
1622766938539000,1,0.88754544,2809.3800
1622766938635000,1,0.46514875,2809.3800
1622766981512000,1,0.60303000,2807.2800
1622766981571000,1,0.00000473,2807.2800
1622766985597000,0,1.38423000,2807.1500
1622767031763000,1,1.36078316,2811.0700
1622767092340000,1,0.12661946,2807.5300
1622767114510000,1,0.00300000,2807.0000
1622767114517000,1,2.67188448,2805.8700
1622767114527000,1,11.57900000,2805.7000
1622767114612000,1,2.53992570,2805.6200
1622767114614000,1,1.02264348,2805.6200
1622767114623000,1,1.08330093,2805.3000
1622767114796000,1,1.78960000,2804.9800
1622767115611000,0,1.53565407,2806.2100
1622767115622000,0,1.06078551,2806.2100
1622767115632000,0,0.96861915,2806.2100
1622767115644000,0,0.20000000,2806.4300
1622767115644000,0,0.78628724,2806.5100
1622767115649000,0,1.88698446,2806.5100
1622767116023000,1,0.36834753,2805.4000
1622767116023000,1,1.35876116,2804.1000
1622767122974000,1,1.72710869,2809.2400
1622767125944000,1,2.73707000,2810.0000
1622767126002000,1,2.26293000,2810.0000
1622767126757000,1,20.65000000,2809.4000
1622767126829000,1,6.15000000,2809.4000
1622767126891000,1,10.45000000,2809.4000
1622767126957000,1,2.20000000,2809.4000
1622767127017000,1,2.70243000,2809.4000
1622767127052000,1,0.00000824,2809.4000
1622767130981000,1,0.36737925,2807.5200
1622767130981000,1,2.67029902,2807.0500
1622767134320000,1,0.58498000,2805.4800
1622767139598000,1,0.82508932,2802.3200
1622767139598000,1,0.00000001,2802.3200
1622767144167000,1,1.04430725,2803.7700
1622767157141000,1,7.94686514,2803.1500
1622767157141000,1,0.97265568,2803.1400
1622767165758000,0,1.03771000,2805.8500
1622767175172000,0,0.00000759,2805.8500
1622767180560000,0,0.31449000,2807.3200
1622767186130000,0,0.32699000,2805.4100
1622767203122000,1,1.00190000,2806.2700
1622767203225000,1,0.00000026,2806.2700
1622767231437000,0,0.36731405,2802.6500
1622767231437000,0,0.32981023,2803.1000
1622767231437000,0,0.26425233,2803.4800
1622767231437000,0,0.84492797,2803.6100
1622767231437000,0,3.19369542,2803.6800
1622767233094000,0,0.30000000,2802.9100
1622767239988000,1,0.01152072,2801.8700
1622767239988000,1,1.00000000,2801.6300
1622767244469000,1,2.36048253,2800.0000
1622767244835000,1,10.11736221,2800.0000
1622767244835000,1,0.05000000,2800.0000
1622767244835000,1,1.00000000,2800.0000
1622767244835000,1,0.75000000,2800.0000
1622767244835000,1,0.03000000,2800.0000
1622767244835000,1,0.70000000,2799.0000
1622767244835000,1,0.08641769,2798.9900
1622767246246000,1,0.01784387,2798.4400
1622767246248000,1,0.10618018,2798.2400
1622767246333000,1,0.11180709,2797.9000
1622767246333000,1,0.15000000,2797.8000
1622767246333000,1,0.13377458,2797.6100
1622767246385000,1,0.10618018,2797.8100
1622767246418000,1,0.71000927,2797.3600
1622767246465000,1,1.45468051,2797.2300
1622767246474000,1,0.72681876,2797.1200
1622767246533000,1,0.01785248,2797.0900
1622767246634000,1,0.10618018,2797.2400
1622767246634000,1,0.10618018,2797.2400
1622767246662000,1,1.77570000,2796.9700
1622767246662000,1,0.52142389,2796.9600
1622767246668000,1,3.05453510,2796.9600
1622767246671000,1,1.22967355,2796.9600
1622767246673000,1,2.65294284,2796.9600
1622767246677000,1,4.26400449,2796.9600
1622767246678000,1,9.23142013,2796.9600
1622767246973000,1,0.90800000,2795.8000
1622767257494000,0,0.38000000,2800.0900
1622767264076000,0,0.33500000,2800.0900
1622767265119000,1,0.20000000,2799.2900
1622767265811000,0,3.31642969,2800.9200
1622767270231000,0,0.36197000,2799.3900
1622767272546000,0,0.43218182,2800.7600
1622767273730000,0,1.04280000,2801.9100
1622767349488000,1,2.54882000,2798.1000
1622767370873000,1,0.01480927,2795.4600
1622767373257000,0,4.50000000,2795.5200
1622767375552000,1,0.01700000,2793.7600
1622767376778000,0,11.75000000,2794.8500
1622767382037000,1,2.68138000,2796.0400
1622767382844000,1,0.28698000,2796.0400
1622767394557000,0,0.05852000,2797.2900
1622767396822000,0,5.30000000,2798.5800
1622767396864000,0,2.25984808,2798.5800
1622767458388000,0,2.67890304,2800.2800
1622767458400000,0,1.23697569,2800.3400
1622767458488000,0,0.07125249,2800.3400
1622767458488000,0,0.43304459,2800.5900
1622767458578000,0,4.46583244,2800.8000
1622767461009000,1,0.36647859,2800.7700
1622767478044000,0,0.76142854,2804.3400
1622767483414000,1,0.36973000,2805.4700
1622767492392000,0,0.34011629,2805.7700
1622767514866000,1,5.00000000,2800.2500
1622767520377000,0,1.49246621,2803.0300
1622767520411000,0,12.85253379,2803.0300
1622767534224000,1,0.55253000,2802.1700
1622767548503000,1,0.01610248,2800.0400
1622767548503000,1,12.93389752,2800.0000
1622767548567000,1,5.30000000,2800.0000
1622767548642000,1,2.85000000,2800.0000
1622767548715000,1,3.20000000,2800.0000
1622767548789000,1,0.30000000,2800.0000
1622767548960000,1,13.83804266,2800.0000
1622767548964000,1,3.87200624,2800.0000
1622767567893000,0,3.20409000,2800.0000
1622767568727000,0,1.50000000,2800.0000
1622767568800000,0,2.10000000,2800.0000
1622767570004000,1,2.67844602,2799.4500
1622767570006000,1,0.93308666,2799.3100
1622767570037000,1,0.91777080,2799.3100
1622767570042000,1,0.98685034,2799.3100
1622767570053000,1,0.73350909,2799.3100
1622767588763000,1,1.12162803,2795.9400
1622767588795000,1,0.99520346,2795.9400
1622767588797000,1,1.45834674,2795.9400
1622767596224000,1,0.20000000,2797.1000
1622767608649000,1,6.36917301,2795.8400
1622767608649000,1,1.20998970,2795.8400
1622767608649000,1,0.03742053,2795.8300
1622767608649000,1,6.07679138,2795.8300
1622767608658000,1,1.23668689,2795.8300
1622767608676000,1,0.11843458,2795.8100
1622767608676000,1,0.94170925,2795.7400
1622767608677000,1,5.13552300,2795.7400
1622767609092000,0,5.66215994,2796.2800
1622767609161000,0,1.09263915,2796.2800
1622767609232000,0,1.50558957,2796.2800
1622767611280000,1,0.21641835,2794.3000
1622767645745000,0,1.06166742,2800.0000
1622767645748000,0,1.43597075,2800.0000
1622767647055000,0,0.46699000,2801.0000
1622767647089000,0,0.00000162,2801.0000
1622767667170000,0,7.91054177,2805.0200
1622767670548000,1,2.24119764,2803.3600
1622767688400000,0,0.39434428,2802.8600
1622767693124000,0,0.41027114,2804.3900
1622767696521000,1,0.38000000,2803.9600
1622767696526000,1,0.00021218,2803.9600
1622767703488000,0,1.55000000,2805.7700
1622767703559000,0,13.81064897,2805.7700
1622767703560000,0,1.18135972,2805.7700
1622767703567000,0,5.55487502,2805.7700
1622767717763000,0,0.01784387,2808.5700
1622767738188000,0,0.01700000,2809.5400
1622767739789000,0,1.15879278,2809.7700
1622767739790000,0,0.20120722,2809.7700
1622767834899000,1,1.27000000,2808.1600
1622767834908000,1,1.40023672,2808.1600
1622767834908000,1,1.26976328,2808.1600
1622767837498000,1,0.93000000,2808.1600
1622767837640000,1,0.00424915,2808.1600
1622767857544000,1,3.56036803,2807.9800
1622767857550000,1,1.71085471,2807.7800
1622767860178000,1,1.62000000,2808.0000
1622767860198000,1,6.70000000,2808.0000
1622767860223000,1,0.93484686,2808.0000
1622767876140000,0,0.16742646,2812.7000
1622767876140000,0,1.27525196,2812.7800
1622767876152000,0,1.33961775,2812.7800
1622767883259000,1,0.25000000,2812.4800
1622767893152000,0,0.32800000,2815.2200
1622767905897000,0,0.01785248,2815.9600
1622767911686000,0,0.34585266,2814.0100
1622767937061000,0,2.66787062,2812.3500
1622767937061000,0,7.94200382,2812.6800
1622767937061000,0,4.39012556,2812.6900
1622767942929000,1,0.05999999,2810.0000
1622767942935000,1,0.00000001,2810.0000
1622767945925000,0,6.21177753,2810.5500
1622767947319000,0,0.20000000,2810.8300
1622767990648000,1,0.90732000,2808.4900
1622767990680000,1,0.00000391,2808.4900
1622767994239000,1,2.63531250,2807.3300
1622768023933000,0,0.06228000,2808.9100
1622768025985000,0,0.16742646,2810.1900
1622768076548000,1,0.19999999,2806.2200
1622768076649000,1,3.95000000,2806.5600
1622768084012000,0,0.11225978,2806.9900
1622768140514000,1,1.11934601,2800.3200
1622768140833000,0,0.46699338,2801.8600
1622768148649000,0,7.97479605,2803.4400
1622768148719000,0,1.36320395,2803.4400
1622768179355000,0,0.08371323,2806.3100
1622768180831000,0,13.78995570,2806.8600
1622768180854000,0,5.16904430,2806.8600
1622768183118000,1,2.14942000,2806.1200
1622768183191000,1,0.00000742,2806.1200
1622768188106000,1,3.62957637,2804.6800
1622768199966000,0,0.20055000,2806.9500
1622768222304000,1,0.36000000,2803.0400
1622768222307000,1,0.00249692,2803.0400
1622768226840000,1,0.39720000,2801.7200
1622768229523000,1,0.03551544,2799.9200
1622768237170000,0,1.39948627,2802.4800
1622768237184000,0,1.27801391,2802.4800
1622768237267000,0,1.08573539,2802.4800
1622768237306000,0,0.04190473,2802.4800
1622768243172000,0,2.06861705,2803.7500
1622768243174000,0,0.60769070,2803.7500
1622768243174000,0,0.02090425,2803.7500
1622768243230000,0,25.73500000,2803.9500
1622768243230000,0,3.56835475,2803.9700
1622768243305000,0,0.43258549,2804.2800
1622768243335000,0,0.18572711,2804.6000
1622768243339000,0,0.89566757,2804.6000
1622768243450000,0,2.67496384,2805.2300
1622768243450000,0,2.81163107,2805.2400
1622768243759000,0,1.08120713,2805.7000
1622768299125000,0,0.02090426,2807.4100
1622768299161000,1,0.42000000,2807.3100
1622768299214000,1,0.00208261,2807.3100
1622768343957000,1,0.06000000,2805.2900
1622768343963000,1,2.15970884,2805.2900
1622768348205000,1,3.91054323,2804.8300
1622768348225000,1,0.93172314,2804.8300
1622768348226000,1,0.88247772,2804.8300
1622768348232000,1,0.92187406,2804.8300
1622768348237000,1,1.37449131,2804.8300
1622768348260000,1,2.67323953,2804.7000
1622768348383000,1,0.47478626,2804.7000
1622768352593000,0,4.45817954,2805.0400
1622768352685000,0,2.67500000,2803.7800
1622768352688000,0,0.00042071,2803.7800
1622768352688000,0,4.45903451,2804.2500
1622768352716000,0,0.32091348,2804.7500
1622768357518000,0,0.01903696,2807.1700
1622768383066000,0,0.47478626,2808.1700
1622768391108000,1,0.19600000,2811.6500
1622768391131000,1,0.40384737,2811.6500
1622768392579000,1,0.01692705,2809.7800
1622768396501000,1,2.20000000,2809.8100
1622768401460000,0,0.57093383,2812.4800
1622768416147000,0,1.29590000,2806.7200
1622768440054000,0,0.36397541,2807.2300
1622768440054000,0,0.00000001,2807.2300
1622768477672000,1,0.35301811,2804.3800
1622768499402000,1,0.26000000,2805.1900
1622768499411000,1,0.00285927,2805.1900
1622768525212000,0,2.06426465,2803.6900
1622768525221000,0,0.61160843,2803.6900
1622768525283000,0,1.16615348,2804.1900
1622768525299000,0,0.97922217,2804.1900
1622768525317000,0,0.91617365,2804.1900
1622768525327000,0,1.03788114,2803.6900
1622768525348000,0,0.93755648,2803.6900
1622768525348000,0,0.70043546,2803.6900
1622768525357000,0,0.50577134,2804.1900
1622768525357000,0,0.45392613,2804.3800
1622768525374000,0,1.14770115,2804.3800
1622768525386000,0,2.85767265,2804.3800
1622768525400000,0,0.92956451,2804.4700
1622768558548000,1,3.56400000,2805.0000
1622768562541000,1,0.00003622,2805.0000
1622768562541000,1,1.24666876,2805.0000
1622768562645000,1,1.42600000,2805.0000
1622768640063000,1,0.00047890,2805.0000
1622768640063000,1,2.11239884,2805.0000
1622768645330000,1,2.67371959,2804.0800
1622768645425000,1,4.45566279,2804.0400
1622768645425000,1,2.31034777,2804.0300
1622768645425000,1,1.06203393,2804.0300
1622768686645000,0,0.20395000,2805.6300
1622768686665000,0,0.00000238,2805.6300
1622768686665000,0,0.06138000,2805.9200
1622768689075000,1,10.02757826,2806.4300
1622768689075000,1,2.51642174,2806.3800
1622768690226000,0,2.50000000,2808.5600
1622768690226000,0,10.01304126,2808.5800
1622768690226000,0,2.48695874,2808.5900
1622768704741000,1,2.06169727,2804.9900
1622768704746000,1,0.61089296,2804.9900
1622768740473000,0,0.33904701,2802.7100
1622768820330000,1,2.30136117,2801.6200
1622768832057000,0,8.65442000,2805.0000
1622768832140000,0,13.77277520,2805.0000
1622768832154000,0,2.10000000,2805.0000
1622768832174000,0,13.77348132,2805.0000
1622768832253000,0,2.55000000,2805.0000
1622768832374000,0,1.37251581,2805.0000
1622768846994000,1,0.39000000,2804.9300
1622768847010000,1,0.00333875,2804.9300
1622768847205000,1,0.32156866,2805.0300
1622768847647000,1,0.83000000,2804.9300
1622768847655000,1,0.00778097,2804.9300
1622768853364000,1,0.31106504,2806.3400
1622768853364000,1,0.17763214,2806.1600
1622768854903000,1,0.32103845,2806.1600
1622768913982000,1,2.55372980,2805.1800
1622768926751000,1,2.41809118,2803.7600
1622768927178000,1,8.13583042,2803.5700
1622768952248000,0,0.39450000,2804.9300
1622768956008000,0,0.00000709,2804.9300
1622768985026000,1,1.58487353,2803.2600
1622769011508000,1,1.00000000,2795.0000
1622769011662000,0,0.94809229,2796.6100
1622769013168000,0,0.20000000,2796.1100
1622769015776000,1,1.09252987,2795.1000
1622769016587000,1,0.81301000,2794.5400
1622769016717000,1,0.34082000,2795.1800
1622769017094000,1,0.00000313,2794.5400
1622769018745000,1,1.30000000,2795.0300
1622769021163000,1,0.00000847,2795.0300
1622769021503000,1,0.00087376,2793.7600
1622769024721000,1,0.89911943,2792.9900
1622769024727000,1,0.84122693,2792.9900
1622769024765000,1,0.01788265,2792.3700
1622769026173000,1,0.07928999,2790.9800
1622769026998000,1,0.00000001,2790.9800
1622769047280000,1,0.46710316,2790.0000
1622769047280000,1,0.01789797,2789.9800
1622769047280000,1,0.01789926,2789.7800
1622769047280000,1,8.04920507,2789.2700
1622769055905000,0,0.20000000,2787.1400
1622769056179000,1,0.37569217,2787.2900
1622769056443000,1,0.42430783,2787.2900
1622769057688000,1,0.02000000,2785.6500
1622769057688000,1,0.28000000,2785.6400
1622769064720000,0,1.40000000,2791.5600
1622769065718000,1,0.20000000,2789.3400
1622769065718000,1,2.68751913,2789.0800
1622769065718000,1,2.11248087,2788.7800
1622769068633000,1,1.40000000,2787.7600
1622769068633000,1,1.38563173,2787.7500
1622769083036000,1,0.72380000,2790.1200
1622769084751000,1,0.00000652,2790.1200
1622769102034000,1,0.57164444,2783.0600
1622769105136000,0,0.20000000,2782.0300
1622769105136000,0,0.17446336,2782.0300
1622769105288000,1,0.01155000,2780.3600
1622769105288000,1,0.01795996,2780.3500
1622769105288000,1,1.00000000,2780.0000
1622769105288000,1,0.00927440,2780.0000
1622769107730000,1,0.02072560,2780.0000
1622769107730000,1,0.03000000,2780.0000
1622769107730000,1,0.04999999,2780.0000
1622769107730000,1,0.00000001,2780.0000
1622769109280000,1,5.53146653,2778.0000
1622769109298000,1,6.89145278,2778.0000
1622769109354000,1,6.89145278,2778.0000
1622769109354000,1,3.55291576,2778.0000
1622769109354000,1,6.89145278,2778.0000
1622769109355000,1,5.35056203,2778.0000
1622769109367000,1,6.67690119,2778.0000
1622769109368000,1,0.76218707,2778.0000
1622769109375000,1,0.19535487,2778.0100
1622769109376000,1,6.99142343,2778.0100
1622769109387000,1,0.08880000,2777.7700
1622769109387000,1,0.08880000,2777.7700
1622769109387000,1,0.08880000,2777.7700
1622769109387000,1,0.08880000,2777.7700
1622769109387000,1,0.08880000,2777.7700
1622769109390000,1,0.01490691,2777.1500
1622769109390000,1,11.00000000,2777.0000
1622769109390000,1,0.57691180,2776.0700
1622769109390000,1,0.71802186,2775.9600
1622769109390000,1,20.89606824,2775.8600
1622769109410000,1,1.10868812,2775.8300
1622769109526000,1,0.22181671,2777.0100
1622769109526000,1,2.06820753,2775.8300
1622769109535000,1,0.08875442,2777.1700
1622769109540000,1,2.06820753,2775.8300
1622769109541000,1,0.12393004,2775.8300
1622769109574000,1,0.02000000,2775.0000
1622769109574000,1,0.71024077,2774.8000
1622769109574000,1,0.92300000,2774.3100
1622769109574000,1,0.41496676,2773.7500
1622769109584000,1,0.72479429,2773.5500
1622769109621000,0,1.00000000,2773.2100
1622769109657000,1,0.01493589,2773.1900
1622769109657000,1,0.06000000,2773.0600
1622769109657000,1,0.83306411,2772.2200
1622769109751000,0,0.08875442,2774.9300
1622769109761000,1,0.27090671,2772.2200
1622769109761000,1,0.44656827,2771.3000
1622769109761000,0,0.11124558,2774.9300
1622769109947000,1,0.11057113,2775.8400
1622769109947000,1,0.57691180,2773.6200
1622769110793000,1,0.01379744,2773.2100
1622769110793000,1,0.02000000,2772.0300
1622769110793000,1,0.27930759,2771.8100
1622769113007000,1,0.14782286,2771.8100
1622769113722000,1,0.92439450,2772.3100
1622769114101000,1,0.09450069,2772.7200
1622769114159000,1,0.84156245,2772.7200
1622769114191000,1,0.01638074,2772.7200
1622769114191000,1,1.00000000,2771.3300
1622769114384000,1,0.43282345,2771.3100
1622769115103000,0,0.82187063,2771.8600
1622769115250000,0,0.78728923,2771.8600
1622769115354000,0,0.94714946,2771.8600
1622769115419000,1,0.36152930,2771.3000
1622769115471000,1,0.24386134,2771.3000
1622769115514000,0,0.83930333,2771.8600
1622769115733000,0,0.58043000,2771.8600
1622769115840000,1,0.65104257,2771.3000
1622769115942000,0,13.00000000,2771.8800
1622769120478000,1,0.02000000,2772.9900
1622769122147000,1,0.05000000,2773.0400
1622769124377000,0,0.43734730,2773.9200
1622769127474000,1,7.85078440,2771.3800
1622769127474000,1,6.17921560,2771.3200
1622769127945000,1,1.84044261,2771.3000
1622769127945000,1,0.08875442,2771.1700
1622769127945000,1,0.22080297,2770.8600
1622769130046000,1,0.00101374,2770.8600
1622769130046000,1,7.76275090,2770.0000
1622769130046000,1,0.03000000,2770.0000
1622769135348000,0,0.34605611,2771.7500
1622769135485000,0,0.41820543,2771.7500
1622769135649000,0,0.43515577,2771.7400
1622769135835000,0,0.37985672,2771.7300
1622769137135000,0,0.02000000,2771.1200
1622769137135000,0,0.40939206,2771.6900
1622769137260000,0,0.43789375,2771.6800
1622769137260000,0,1.96832560,2771.6800
1622769138524000,1,0.38900000,2771.3500
1622769138538000,1,0.00054444,2771.3500
1622769139825000,1,0.37500000,2770.9100
1622769139932000,1,0.00026490,2770.9100
1622769144374000,0,0.68400000,2770.7300
1622769144448000,0,0.00027162,2770.7300
1622769149445000,0,11.72900000,2773.0100
1622769149445000,0,0.68427162,2773.0400
1622769149445000,0,1.39391774,2773.0900
1622769153213000,1,0.83188089,2770.8200
1622769157346000,1,0.88273910,2772.1400
1622769157346000,1,0.02000000,2771.5500
1622769157346000,1,0.20000000,2771.3600
1622769157346000,1,2.40944990,2771.1300
1622769158688000,0,1.42200000,2774.8300
1622769167299000,1,1.03942195,2773.9600
1622769167912000,1,1.40000000,2773.5500
1622769170185000,0,0.31018000,2773.9800
1622769170290000,0,0.00000870,2773.9800
1622769171548000,0,0.31417000,2774.1700
1622769172711000,0,0.35728000,2774.3700
1622769172770000,0,0.00000820,2774.3700
1622769175144000,1,1.15028517,2774.0000
1622769179643000,1,1.24723151,2774.4800
1622769180420000,1,0.94556372,2774.0000
1622769180420000,1,1.86730301,2774.0000
1622769180425000,1,1.62448743,2774.0000
1622769180454000,0,0.02000000,2776.5300
1622769180454000,0,1.17869027,2776.5300
1622769180456000,0,0.22130973,2776.5300
1622769180506000,0,0.99212168,2776.5200
1622769180507000,0,0.00787832,2776.5200
1622769180554000,0,1.86730301,2776.5200
1622769180556000,0,1.62448743,2776.5200
1622769180557000,0,0.94556372,2776.5200
1622769180576000,0,1.15320946,2776.5200
1622769181893000,0,3.60410974,2776.1300
1622769181897000,0,3.60403261,2776.2000
1622769182172000,0,0.43684052,2776.8900
1622769182214000,0,1.09208577,2776.9500
1622769182247000,0,0.01900000,2777.1500
1622769182288000,0,9.98100000,2777.1500
1622769183915000,1,1.40000000,2776.0800
1622769191883000,0,0.22239318,2780.0000
1622769191938000,0,0.03119000,2779.9200
1622769204139000,0,0.02810070,2778.9900
1622769205211000,1,6.26885000,2777.4000
1622769205213000,1,0.00000610,2777.4000
1622769217564000,0,1.32028538,2777.9600
1622769218907000,0,0.04069999,2778.1900
1622769224620000,0,0.00000001,2778.1900
1622769224620000,0,2.69931903,2778.8900
1622769224620000,0,3.59914870,2779.0200
1622769234546000,1,3.23516484,2776.4300
1622769234546000,1,1.63398435,2776.4300
1622769234551000,1,1.62538193,2776.4300
1622769236909000,1,0.08383000,2774.6100
1622769236975000,1,0.00000866,2774.6100
1622769236975000,1,0.20958134,2774.3000
1622769237038000,1,0.00001532,2774.3000
1622769237462000,1,0.26000000,2773.8700
1622769240209000,1,0.28498000,2773.8700
1622769241201000,1,0.00000322,2773.8700
1622769241201000,1,0.33999678,2773.7500
1622769247808000,1,0.35155536,2773.2700
1622769247858000,1,0.00000001,2773.2700
1622769249620000,1,0.36378000,2774.4400
1622769257183000,1,7.69202650,2770.7900
1622769257183000,1,1.57409229,2770.7800
1622769265178000,1,0.01803984,2768.0400
1622769275772000,1,0.35000000,2766.0800
1622769293750000,0,1.90000000,2770.3000
1622769293840000,0,5.50000000,2770.3000
1622769293919000,0,10.61100000,2770.3000
1622769304788000,0,0.31860895,2768.9300
1622769304788000,0,0.43568510,2769.3500
1622769304939000,1,0.15256901,2769.4600
1622769304946000,1,0.00000001,2769.4600
1622769305436000,1,0.42435000,2768.5000
1622769306302000,1,0.00000119,2768.5000
1622769310886000,0,2.70845000,2770.0200
1622769310944000,0,0.00000373,2770.0200
1622769313133000,0,3.02885018,2769.5400
1622769315589000,1,0.46920381,2766.1100
1622769316988000,1,0.86000000,2764.8700
1622769317633000,1,0.46357535,2762.9600
1622769317636000,1,0.01807307,2762.9500
1622769317653000,1,1.50000000,2762.3900
1622769317742000,1,0.25000000,2762.0000
1622769317936000,1,0.86710291,2761.8500
1622769317937000,1,6.91677112,2761.8500
1622769318194000,1,2.21600000,2761.8500
1622769318231000,1,0.00012597,2761.8500
1622769318324000,0,0.41526793,2761.8600
1622769318324000,0,0.30400000,2761.8600
1622769318324000,0,2.47960761,2762.0000
1622769318499000,1,0.20247000,2761.0600
1622769318567000,1,0.72053000,2761.0600
1622769318567000,1,0.72733855,2760.8600
1622769318687000,1,0.92300000,2760.4600
1622769318687000,1,0.72796504,2760.4400
1622769318687000,1,0.72055818,2760.3600
1622769319216000,1,0.10000000,2760.0000
1622769319216000,1,0.04900000,2760.0000
1622769319216000,1,0.03000000,2760.0000
1622769319216000,1,4.12100000,2760.0000
1622769319227000,1,5.87900000,2760.0000
1622769319227000,1,4.30000000,2759.3600
1622769319503000,1,0.01500519,2758.9600
1622769320308000,1,0.03100000,2757.3100
1622769320320000,1,0.00014900,2757.3100
1622769320452000,1,2.89228163,2757.1000
1622769320771000,1,3.85602159,2756.6300
1622769320868000,1,1.09803942,2755.0100
1622769321416000,1,0.01561400,2756.6400
1622769321490000,1,0.31681384,2755.0000
1622769321610000,1,0.58318616,2755.0000
1622769321610000,1,5.00000000,2755.0000
1622769321610000,1,1.00000000,2755.0000
1622769321610000,1,0.10965709,2755.0000
1622769321766000,1,0.17986045,2753.7200
1622769321890000,0,0.72477856,2756.9800
1622769321890000,0,0.05000000,2757.7100
1622769321996000,1,0.03633290,2753.7200
1622769322116000,1,0.62036303,2753.7200
1622769322242000,1,0.20000000,2756.9800
1622769322242000,1,0.88116000,2753.7200
1622769322263000,1,0.38454315,2753.7200
1622769322266000,1,0.84009121,2753.7200
1622769322350000,1,0.30502903,2753.7200
1622769322493000,0,0.07131812,2756.6100
1622769322502000,0,0.07259754,2756.6100
1622769322510000,0,1.25608434,2756.6100
1622769322510000,0,0.02000000,2758.3300
1622769322510000,0,0.06000000,2758.3400
1622769322510000,0,0.63224126,2758.4600
1622769322529000,0,0.02000000,2756.6000
1622769322529000,0,0.88411513,2758.4700
1622769322899000,1,0.07000000,2754.4400
1622769323001000,1,0.00766605,2753.7000
1622769323313000,0,7.00233395,2752.2400
1622769323313000,0,2.98966605,2752.2400
1622769324707000,1,13.83133274,2751.0000
1622769324855000,0,0.00033395,2752.2400
1622769324895000,1,4.29966605,2753.0300
1622769325033000,1,6.16866726,2751.0000
1622769325442000,1,10.00000000,2751.0100
1622769325823000,0,0.17211339,2752.9200
1622769325873000,1,1.40000000,2750.4400
1622769327180000,1,4.16103176,2751.0100
1622769327180000,1,0.05000000,2750.0000
1622769327180000,1,5.60000000,2750.0000
1622769327180000,1,0.73000000,2750.0000
1622769327180000,1,0.27452093,2750.0000
1622769327180000,1,0.31000000,2750.0000
1622769327180000,1,0.25000000,2750.0000
1622769327180000,1,0.25000000,2750.0000
1622769327180000,1,63.57239912,2750.0000
1622769327355000,1,0.90800000,2750.0000
1622769327785000,1,0.40000000,2750.0000
1622769327927000,0,0.20000000,2752.8900
1622769327968000,1,1.17149087,2751.0100
1622769328009000,1,0.32850913,2751.0100
1622769328009000,1,6.67149087,2750.0000
1622769328048000,1,0.62594277,2750.0000
1622769329623000,0,0.44000000,2753.6500
1622769334037000,1,13.82280840,2750.4400
1622769334049000,1,13.82280840,2750.4400
1622769334632000,1,0.00438320,2750.4400
1622769334632000,1,0.01668188,2750.4400
1622769334632000,1,13.80090910,2750.0000
1622769337058000,1,13.82461560,2750.0000
1622769339361000,0,0.20000000,2752.7000
1622769339440000,0,0.24031422,2752.7000
1622769339440000,0,11.61328578,2752.7600
1622769339539000,0,1.96000000,2752.7600
1622769344343000,1,0.19664254,2750.0000
1622769344343000,1,0.03544000,2750.0000
1622769344343000,1,1.23459746,2750.0000
1622769345112000,0,2.77740000,2751.9500
1622769346211000,0,16.45000000,2751.9600
1622769346211000,0,6.91000000,2751.9600
1622769350082000,1,0.35787145,2752.1200
1622769350082000,1,0.68212855,2750.0000
1622769350178000,1,0.08327399,2750.0000
1622769350178000,1,1.48695329,2750.0000
1622769350184000,1,0.37463056,2750.0000
1622769350184000,1,1.21202181,2750.0000
1622769350184000,1,0.04000000,2750.0000
1622769350184000,1,0.24690437,2750.0000
1622769350372000,1,0.15200000,2750.0000
1622769350600000,0,1.26749559,2751.7500
1622769350621000,1,0.60109563,2750.0000
1622769350737000,0,1.40348381,2751.5200
1622769350850000,0,1.05042508,2751.5000
1622769351087000,0,0.20000000,2750.9000
1622769351087000,0,0.80994495,2750.9100
1622769351598000,0,1.40000000,2749.9900
1622769352220000,1,0.42231626,2748.0000
1622769352246000,1,0.55434406,2747.2900
1622769352246000,1,3.80134312,2747.1000
1622769352603000,1,1.40000000,2747.1100
1622769352603000,1,0.07665430,2746.4900
1622769356926000,0,0.15200000,2748.3600
1622769361868000,1,1.32234630,2745.1400
1622769364086000,1,0.02000000,2746.7300
1622769368513000,1,0.02000000,2747.6900
1622769383438000,0,0.59763800,2746.0100
1622769383906000,1,3.60283000,2745.0000
1622769384266000,1,0.00000060,2745.0000
1622769384266000,1,0.89234224,2743.7100
1622769384329000,1,1.00000000,2743.7100
1622769384984000,1,0.14329321,2742.0000
1622769384984000,1,0.70882931,2742.0000
1622769384984000,1,0.00000001,2742.0000
1622769384984000,1,0.43457877,2742.0000
1622769385374000,1,0.22200000,2741.2000
1622769385585000,1,0.01510412,2740.8900
1622769385585000,1,1.28148139,2740.5600
1622769385585000,1,0.01511493,2740.3400
1622769385585000,1,0.04500000,2740.0000
1622769386077000,1,0.03000000,2738.2300
1622769386274000,0,0.38834878,2738.2400
1622769386460000,0,0.16599528,2738.2400
1622769386460000,0,4.30000000,2738.7200
1622769386460000,0,0.03400472,2739.1800
1622769386695000,1,0.00771660,2735.6600
1622769386695000,1,0.41810532,2735.0100
1622769386695000,1,1.28102000,2735.0000
1622769386695000,1,0.06000000,2734.4100
1622769386695000,1,1.50000000,2733.6200
1622769386695000,1,4.22814489,2733.6100
1622769386917000,1,0.42110906,2736.8800
1622769386917000,1,0.57889094,2735.5800
1622769387624000,1,0.07000000,2735.5900
1622769387624000,1,1.42110906,2735.5800
1622769387624000,1,0.04759111,2735.0100
1622769387624000,1,1.50000000,2733.6000
1622769387624000,1,7.90645790,2733.5900
1622769387624000,1,1.50000000,2733.4400
1622769387624000,1,0.01826932,2733.2700
1622769387624000,1,2.49959958,2732.8000
1622769387624000,1,0.01827253,2732.7900
1622769387624000,1,2.74028030,2732.5900
1622769387624000,1,3.84000000,2732.1900
1622769387624000,1,0.11000000,2732.0000
1622769387624000,1,4.56722537,2731.7100
1622769387624000,1,4.56730894,2731.6600
1622769387624000,1,0.06427583,2731.0100
1622769387624000,1,0.16084386,2731.0100
1622769387624000,1,0.10000000,2731.0000
1622769387624000,1,0.10000000,2731.0000
1622769387624000,1,0.20000000,2730.7200
1622769387624000,1,3.08557064,2730.2100
1622769388332000,1,1.17900000,2730.2200
1622769388332000,1,6.00000000,2730.2100
1622769388332000,1,2.92940000,2730.0400
1622769388332000,1,0.10000000,2730.0000
1622769388332000,1,1.02249084,2730.0000
1622769388332000,1,0.22000000,2730.0000
1622769388332000,1,0.22000000,2730.0000
1622769388332000,1,0.03663000,2730.0000
1622769388332000,1,1.52906227,2730.0000
1622769388332000,1,0.55434406,2730.0000
1622769388332000,1,7.30769430,2729.4200
1622769388332000,1,4.30000000,2729.2900
1622769388332000,1,7.57348600,2728.9500
1622769388466000,1,0.20000000,2731.5900
1622769389315000,1,0.71747499,2731.1000
1622769389349000,1,0.51127267,2731.1000
1622769389967000,0,5.54582309,2734.6600
1622769390119000,0,4.31212038,2734.6600
1622769390140000,0,0.89875756,2734.6600
1622769390361000,0,1.49999999,2735.4900
1622769390526000,0,0.00000001,2735.4900
1622769390526000,0,1.10868811,2736.1200
1622769391263000,0,0.02900000,2739.0300
1622769392666000,1,0.89675845,2737.8900
1622769392666000,1,0.02000000,2737.8900
1622769392666000,1,0.50434155,2737.3000
1622769394858000,1,0.20000000,2736.5600
1622769397913000,1,0.68698613,2734.6600
1622769397972000,1,1.10868812,2733.6000
1622769398655000,1,24.64127188,2733.6000
1622769401587000,0,0.02000000,2733.9000
1622769401587000,0,1.00000000,2734.1800
1622769401587000,0,6.73670000,2734.1900
1622769402339000,0,32.20000000,2732.2900
1622769403806000,1,0.37000000,2730.2600
1622769403820000,1,0.00332666,2730.2600
1622769403820000,1,0.31500000,2730.2200
1622769405600000,1,0.72644529,2726.1800
1622769405600000,1,0.18155471,2725.7000
1622769406503000,1,0.70000000,2725.7400
1622769408487000,1,0.09579447,2725.7200
1622769408487000,1,2.74522006,2725.7000
1622769408487000,1,2.19000000,2725.5200
1622769408487000,1,2.74852666,2725.4500
1622769408487000,1,0.38149057,2725.0000
1622769410789000,1,0.11850943,2725.0000
1622769410789000,1,0.02000000,2725.0000
1622769410789000,1,2.60452844,2725.0000
1622769410789000,1,1.22313944,2725.0000
1622769410789000,1,1.99992269,2725.0000
1622769411726000,1,0.00007731,2725.0000
1622769412179000,1,0.01520369,2722.9400
1622769412995000,0,0.20000000,2722.5100
1622769414181000,1,1.60081056,2721.9900
1622769414456000,1,0.20000000,2721.9900
1622769414525000,1,7.66302957,2721.9900
1622769417434000,1,2.00000000,2721.0000
1622769417434000,1,50.59000000,2720.5300
1622769417465000,1,0.00969564,2720.5300
1622769419811000,1,0.30434154,2717.9100
1622769420073000,1,1.40000000,2717.9100
1622769420216000,1,0.00776780,2717.6300
1622769420811000,1,3.56584017,2717.9100
1622769420868000,0,0.03747464,2718.7700
1622769421464000,0,0.87696699,2718.7700
1622769422813000,0,1.40000000,2718.2500
1622769422813000,0,2.01789483,2718.7200
1622769423462000,0,1.07835338,2718.7000
1622769423594000,0,0.66250000,2718.6900
1622769423594000,0,0.10676788,2718.7100
1622769424691000,0,0.85879499,2718.6800
1622769424837000,0,0.77709901,2718.6800
1622769424960000,0,0.82557412,2718.6800
1622769425080000,0,0.82211227,2718.6800
1622769426059000,1,0.74731327,2716.1300
1622769427700000,1,0.87200000,2717.5700
1622769427822000,1,0.00058183,2717.5700
1622769428558000,0,0.75657531,2717.4800
1622769429118000,0,0.34867606,2717.4700
1622769429690000,0,0.01502592,2717.4600
1622769430755000,0,0.03834713,2715.1000
1622769430755000,0,0.04001797,2717.4400
1622769431041000,1,0.01345156,2713.5300
1622769431392000,1,7.71300000,2713.5300
1622769431780000,1,0.72000000,2713.4900
1622769431819000,0,0.10116240,2717.1500
1622769431844000,1,0.00688676,2713.4900
1622769432885000,0,0.01345156,2713.5300
1622769432885000,0,0.15328151,2715.5500
1622769433950000,0,0.08971235,2715.5000
1622769434443000,0,0.02225423,2711.8900
1622769434443000,0,18.40726483,2712.5600
1622769434805000,1,2.76300000,2711.7200
1622769436058000,0,0.05000000,2714.0800
1622769437119000,0,0.59736171,2713.4200
1622769437414000,1,0.54431750,2711.7200
1622769437414000,1,5.85768250,2711.0000
1622769437514000,1,9.02752959,2711.0000
1622769437514000,1,1.40000000,2711.0000
1622769437514000,1,5.12784895,2710.9200
1622769437774000,1,4.87215105,2710.9200
1622769437774000,1,0.35000000,2710.7900
1622769437774000,1,8.09956564,2710.0300
1622769437774000,1,3.60828331,2710.0200
1622769438187000,0,0.02003047,2712.7000
1622769438207000,1,1.00913504,2710.0000
1622769438557000,1,0.19999042,2710.0000
1622769438557000,1,2.00000000,2710.0000
1622769438779000,1,0.74240429,2709.6200
1622769439149000,0,0.55434407,2710.0100
1622769439152000,1,9.78549358,2710.0300
1622769439338000,1,5.12784895,2709.6300
1622769439490000,1,0.01529612,2707.8800
1622769441124000,1,0.73234002,2706.1200
1622769441124000,1,9.56339152,2706.1100
1622769441742000,1,0.16434539,2706.1300
1622769443693000,1,0.29446493,2706.1400
1622769443693000,1,0.04950000,2706.0000
1622769444046000,1,0.01530390,2705.1100
1622769444046000,1,0.27531608,2705.0000
1622769444046000,1,1.50000000,2705.0000
1622769444320000,1,0.78275286,2706.1500
1622769444614000,1,0.74402261,2703.9500
1622769444623000,1,0.00000001,2703.9500
1622769444915000,0,0.20000000,2707.4800
1622769444915000,0,0.72243859,2707.4900
1622769444952000,1,0.25789767,2706.1600
1622769445563000,1,0.04338971,2703.5900
1622769445590000,1,0.00000001,2703.5900
1622769446341000,1,0.23178523,2702.7500
1622769446376000,1,0.00119839,2702.7500
1622769449003000,1,2.77320501,2700.9400
1622769449021000,1,1.16603341,2700.9400
1622769449228000,1,1.89987263,2700.9000
1622769449242000,1,0.87333239,2700.9000
1622769449315000,1,4.62128800,2700.5400
1622769449315000,1,6.42982860,2700.0600
1622769449315000,1,1.00000000,2700.0100
1622769449315000,1,0.10000000,2700.0000
1622769449315000,1,0.40000000,2700.0000
1622769449315000,1,1.39371140,2700.0000
1622769449347000,1,7.92453289,2700.0000
1622769449593000,1,0.03000000,2700.9100
1622769449593000,1,1.95567067,2700.0000
1622769449639000,1,0.10000000,2700.0100
1622769449704000,1,1.99984853,2700.0000
1622769449746000,1,0.22462552,2700.0000
1622769449785000,1,1.04288180,2700.0000
1622769449834000,1,5.85083098,2700.0000
1622769454510000,1,13.93461016,2700.0000
1622769458171000,0,1.04960811,2701.9100
1622769458308000,0,19.15000000,2701.9100
1622769460685000,0,7.18677830,2703.7900
1622769461258000,0,1.10868812,2704.2600
1622769467395000,1,2.76951626,2705.6900
1622769467395000,1,0.20000000,2704.7000
1622769467395000,1,0.10158754,2704.6600
1622769467459000,1,3.69373066,2704.3200
1622769467459000,1,0.92754934,2703.9200
1622769467535000,0,18.46545913,2704.3700
1622769467582000,0,2.91000000,2704.3700
1622769467603000,1,0.20000000,2704.3300
1622769467603000,1,7.18677830,2703.9300
1622769467603000,1,6.84461888,2703.9200
1622769467660000,0,0.55434406,2703.9200
1622769467684000,0,0.73072528,2703.9200
1622769467796000,0,5.96340000,2703.9200
1622769467821000,0,1.17013348,2703.9200
1622769467867000,0,3.05340000,2704.3700
1622769468042000,0,0.00003707,2704.3700
1622769468445000,0,0.33000000,2707.6200
1622769470642000,1,0.02000000,2706.8800
1622769470642000,1,1.18000000,2706.8700
1622769470710000,1,1.58741378,2706.8700
1622769470710000,1,0.86106174,2706.8000
1622769470710000,1,3.68988503,2706.6300
1622769470710000,1,5.46163945,2706.2000
1622769473152000,0,0.45000000,2709.9400
1622769473152000,0,0.86329885,2710.4900
1622769473152000,0,7.18677830,2711.7500
1622769475154000,0,2.12150000,2710.5500
1622769475233000,0,0.33000000,2712.7000
1622769475716000,0,3.00000000,2712.7000
1622769476208000,0,3.00000000,2712.7000
1622769476501000,0,0.81305458,2710.4000
1622769476544000,0,0.33000000,2712.7000
1622769476574000,0,0.94000000,2712.7000
1622769476574000,0,0.06000000,2715.7300
1622769476574000,0,0.27000000,2715.9300
1622769477616000,1,0.06000000,2710.9200
1622769477616000,1,0.02000000,2710.6300
1622769477616000,1,0.02992254,2710.6200
1622769477616000,1,7.91514741,2710.3100
1622769477616000,1,1.00000000,2710.3100
1622769477616000,1,0.05000000,2710.2600
1622769477616000,1,7.79059658,2710.2600
1622769477616000,1,6.75598877,2710.2400
1622769477616000,1,0.37834470,2710.0700
1622769477919000,0,0.92567629,2713.0500
1622769477919000,0,1.09273905,2713.6600
1622769477938000,1,0.20000000,2712.6900
1622769477938000,1,0.65064284,2712.6800
1622769480755000,0,0.73409617,2717.9000
1622769480810000,0,0.24000000,2718.5300
1622769480862000,0,1.00000000,2718.2800
1622769487783000,1,2.46980000,2713.6800
1622769488091000,1,0.00003573,2713.6800
1622769488099000,1,2.00000000,2712.0500
1622769488232000,0,0.01662406,2713.6800
1622769489828000,0,0.55434407,2712.8400
1622769489828000,0,7.62103957,2713.6200
1622769489828000,0,0.07461636,2713.6300
1622769490878000,0,0.05000000,2712.9600
1622769490878000,0,0.55434407,2713.1000
1622769490878000,0,0.48838593,2713.6300
1622769492503000,1,7.18677830,2711.4300
1622769495112000,0,1.50000000,2715.3700
1622769495112000,0,5.44970333,2715.3800
1622769495207000,0,0.27076738,2714.7300
1622769495235000,0,1.80323262,2714.7300
1622769495235000,0,0.28101939,2715.1000
1622769495240000,0,0.07284266,2715.1000
1622769495240000,0,2.01140935,2715.3700
1622769495242000,0,2.77900268,2715.3700
1622769495251000,0,2.39636627,2715.3700
1622769495316000,0,0.77868814,2716.5700
1622769495826000,0,18.38936342,2716.5700
1622769495893000,0,0.77868814,2716.5700
1622769496101000,0,2.00000000,2716.5700
1622769496167000,0,5.50326030,2716.5700
1622769499971000,0,3.02000000,2721.6600
1622769502336000,1,0.20000000,2718.1800
1622769502473000,1,0.02000000,2718.1800
1622769502473000,1,0.71018000,2718.1700
1622769502832000,1,1.40000000,2718.1900
1622769502832000,1,2.04599932,2718.1700
1622769502832000,1,0.49580068,2717.0000
1622769502899000,1,0.20000000,2718.2000
1622769502899000,1,2.76994000,2717.0300
1622769502962000,1,1.00000000,2717.0300
1622769504045000,0,9.76560515,2723.0900
1622769504823000,1,0.14955000,2722.2700
1622769505117000,1,0.20000000,2722.2900
1622769505117000,1,1.00000000,2722.2800
1622769505117000,1,0.06000000,2720.0100
1622769505117000,1,0.17051000,2719.7300
1622769505845000,1,4.30000000,2723.0400
1622769505845000,1,0.20000000,2722.5700
1622769505845000,1,2.75119694,2722.5600
1622769505845000,1,0.70000000,2722.4200
1622769505845000,1,3.66770001,2722.4100
1622769505845000,1,1.47981055,2721.4700
1622769505845000,1,6.65129250,2720.4000
1622769508108000,1,0.81362440,2719.7200
1622769513960000,0,0.21972922,2724.0800
1622769515528000,0,0.94832200,2723.6900
1622769516510000,1,0.20000000,2724.2600
1622769516532000,0,1.07205434,2722.4600
1622769516532000,0,0.78559060,2723.0400
1622769516532000,0,0.83961544,2724.6800
1622769524304000,0,4.20000000,2724.9900
1622769524382000,0,1.95000000,2724.9900
1622769524855000,0,1.33682000,2724.9800
1622769526244000,1,0.10000000,2722.3700
1622769528041000,1,0.10000000,2722.3700
1622769528098000,1,1.00000000,2722.0400
1622769528098000,1,7.33983092,2720.5000
1622769528098000,1,7.34006247,2719.7000
1622769528098000,1,4.32010661,2718.9100
1622769528834000,0,0.55434407,2724.8100
1622769531553000,1,0.20000000,2725.0100
1622769531553000,1,0.02000000,2725.0100
1622769531553000,1,1.10848073,2725.0000
1622769531553000,1,2.75027595,2724.6600
1622769531568000,1,1.00000000,2723.5900
1622769531568000,1,1.77828622,2723.5800
1622769531569000,1,2.08371466,2723.5800
1622769531576000,1,0.72252548,2723.5800
1622769531576000,1,1.36118918,2723.4300
1622769531578000,1,2.08397988,2723.4300
1622769531579000,1,2.05538284,2723.4300
1622769531679000,1,0.20000000,2723.0800
1622769531717000,0,0.90868812,2723.0100
1622769531733000,1,2.77863985,2723.6000
1622769534214000,0,1.40000000,2728.2100
1622769534214000,0,0.60000000,2728.2200
1622769534980000,1,1.14660000,2726.0700
1622769534980000,1,3.66497749,2725.8300
1622769534980000,1,1.80000000,2723.4000
1622769539984000,1,4.58311089,2723.9800
1622769539984000,1,0.20000000,2723.5300
1622769541691000,1,0.11576152,2725.3200
1622769541732000,0,0.10000000,2722.8400
1622769543026000,1,1.19400000,2722.1800
1622769543709000,1,23.36000000,2720.9300
1622769543817000,0,0.05000000,2722.8100
1622769543817000,0,0.47537928,2723.3800
1622769543817000,0,0.02000000,2723.3900
1622769543817000,0,2.50000000,2723.3900
1622769543817000,0,0.06000000,2723.4000
1622769543817000,0,0.90342072,2724.0400
1622769543997000,1,4.04000000,2720.9300
1622769544132000,0,0.02000000,2720.8800
1622769544132000,0,3.23447000,2720.8900
1622769546129000,0,0.55434407,2720.5000
1622769547342000,0,1.19400000,2720.5000
1622769547559000,0,1.10010557,2722.1100
1622769548919000,1,0.20000000,2724.7800
1622769548919000,1,0.02000000,2724.7800
1622769548919000,1,2.50000000,2724.7800
1622769548919000,1,0.50009000,2724.7700
1622769549131000,0,1.03376876,2726.3100
1622769549317000,0,1.10868812,2727.3400
1622769549455000,0,0.55434406,2727.0400
1622769549585000,0,2.69776354,2726.4000
1622769549585000,0,0.34755910,2727.0400
1622769549585000,0,6.87674173,2727.3400
1622769551498000,1,0.20000000,2726.0600
1622769551498000,1,1.88353065,2724.3000
1622769551501000,1,2.08353065,2724.3000
1622769551501000,1,1.53072021,2724.3000
1622769551501000,1,0.55281044,2723.6700
1622769551527000,1,2.08353065,2723.6700
1622769551596000,1,2.08353065,2723.6700
1622769551613000,1,2.08353065,2723.6700
1622769554240000,1,0.06000000,2722.1200
1622769554240000,1,0.44000000,2721.8500
1622769554338000,1,0.31991000,2721.8600
1622769554408000,0,0.55434407,2726.0800
1622769554733000,1,2.75018168,2723.6400
1622769554733000,1,0.44981832,2721.8500
1622769555389000,0,0.55434407,2723.3000
1622769555389000,0,0.06000000,2725.3000
1622769555389000,0,0.05000000,2725.8600
1622769555389000,0,0.25771831,2726.3000
1622769555389000,0,0.40588028,2726.3000
1622769555389000,0,0.20000000,2726.6200
1622769555389000,0,0.05000000,2726.7500
1622769555389000,0,0.05000000,2727.4000
1622769555389000,0,0.15764997,2727.5200
1622769558998000,0,0.50475930,2723.1700
1622769559046000,0,0.04958477,2723.1700
1622769559046000,0,0.01300018,2724.7500
1622769559134000,0,0.06000000,2723.1600
1622769559869000,0,0.02000000,2723.1100
1622769559869000,0,0.33011667,2723.5200
1622769559869000,0,0.05000000,2724.0800
1622769559869000,0,0.63364333,2724.7000
1622769560044000,0,0.55434407,2721.9300
1622769560044000,0,0.34619184,2722.5100
1622769560044000,0,1.50000000,2723.0900
1622769560044000,0,1.00000000,2723.0900
1622769560044000,0,4.58488409,2723.1000
1622769560664000,0,0.55434407,2721.6100
1622769560664000,0,1.00000000,2723.0600
1622769560664000,0,1.50000000,2723.0700
1622769560664000,0,0.02000000,2723.0800
1622769560664000,0,4.59975593,2723.0800
1622769560743000,0,0.02000000,2721.6000
1622769560743000,0,2.89413222,2723.0500
1622769560743000,0,1.40000000,2723.0500
1622769560743000,0,0.78834778,2723.0600
1622769561253000,0,0.55434407,2720.4000
1622769566499000,1,1.40000000,2718.3200
1622769566954000,1,0.81792000,2718.5000
1622769573708000,0,5.55835640,2720.4000
1622769573736000,0,2.13373949,2720.4000
1622769574503000,1,4.67936237,2720.4100
1622769592903000,0,0.06356562,2722.0600
1622769595015000,0,1.10810000,2721.8100
1622769595563000,1,0.11808132,2719.6200
1622769605230000,1,0.30000000,2718.5500
1622769605240000,1,0.00440273,2718.5500
1622769608449000,0,0.55297000,2719.3500
1622769614236000,0,7.78590000,2723.3000
1622769615885000,0,7.73109000,2725.1400
1622769615990000,0,0.19807205,2725.1600
1622769616046000,0,0.19807000,2725.1600
1622769617030000,0,0.02173743,2727.0500
1622769617131000,0,0.19015221,2724.6600
1622769617131000,0,0.74397658,2725.6700
1622769618022000,1,1.60590000,2724.8900
1622769618906000,1,1.60730000,2724.9000
1622769619082000,1,0.78800000,2724.9000
1622769619762000,1,0.80623334,2723.6300
1622769619762000,1,2.30376666,2722.5300
1622769623851000,0,0.78800000,2725.4500
1622769638396000,0,7.86620000,2730.1400
1622769647165000,0,7.79243552,2733.3800
1622769648938000,0,5.11445000,2733.6200
1622769648983000,0,2.70482079,2733.6200
1622769649598000,0,0.00776780,2733.9700
1622769649598000,0,0.18997381,2733.9700
1622769650602000,1,0.20000000,2733.1400
1622769651169000,1,0.20000000,2732.3900
1622769651646000,1,5.96496666,2730.7000
1622769652811000,1,1.36144273,2729.5300
1622769653290000,1,7.87800000,2729.5400
1622769654319000,1,0.09488000,2727.7800
1622769655216000,1,0.04744000,2726.9800
1622769656505000,1,0.00000771,2726.9800
1622769656505000,1,0.04743229,2726.9500
1622769656772000,1,0.00001542,2726.9500
1622769657401000,1,0.99045000,2727.4900
1622769658371000,1,0.81018000,2728.5500
1622769659622000,0,0.22298587,2730.9100
1622769660765000,0,9.25484686,2730.0000
1622769662593000,1,0.02000000,2730.0300
1622769662593000,1,0.12636363,2730.0200
1622769682424000,1,1.00000000,2730.2200
1622769683089000,1,0.08000000,2730.0000
1622769683089000,1,0.90098006,2729.7000
1622769683089000,1,1.49999999,2729.4900
1622769683129000,1,0.00000001,2729.4900
1622769684030000,1,0.05000000,2728.1500
1622769684030000,1,6.76850000,2728.1300
1622769690360000,1,0.08000000,2730.4100
1622769691753000,1,0.02000000,2731.6200
1622769691753000,1,0.57152011,2731.6100
1622769691753000,1,0.30945989,2731.2700
1622769692284000,1,1.00000000,2730.4300
1622769692284000,1,0.50000000,2730.4200
1622769692497000,1,0.05000000,2731.7300
1622769693862000,0,8.78500000,2732.1800
1622769694000000,1,2.69300288,2731.7300
1622769694000000,1,4.12553712,2731.4200
1622769694073000,1,0.06000000,2731.3800
1622769699208000,0,3.14317208,2738.1100
1622769701037000,1,1.35034128,2738.6500
1622769701075000,1,2.24265998,2738.6500
1622769702797000,1,0.95450566,2734.9500
1622769706066000,0,10.18758445,2734.9400
1622769706630000,0,0.20790989,2734.9400
1622769707116000,0,7.73051464,2737.5700
1622769707116000,0,4.51423140,2737.6100
1622769707507000,0,0.77961554,2737.6100
1622769707507000,0,3.86058446,2737.6600
1622769711112000,1,1.40549832,2734.9400
1622769711154000,1,0.93028092,2734.9400
1622769711167000,1,13.85166027,2734.9400
1622769711438000,1,4.55893316,2734.9400
1622769711480000,1,1.51872619,2734.9400
1622769711480000,1,1.96973022,2734.9400
1622769711532000,1,2.01494365,2734.9400
1622769711582000,1,1.00022727,2734.9400
1622769713631000,0,0.17600248,2735.7700
1622769713652000,0,1.19104360,2735.7700
1622769713688000,1,0.21156000,2734.5400
1622769713889000,0,3.38295392,2735.7700
1622769714177000,1,0.60335031,2734.5400
1622769714177000,1,0.02000000,2733.7400
1622769714177000,1,0.20000000,2733.4500
1622769714177000,1,0.50664969,2733.3100
1622769715359000,1,0.17702164,2736.3400
1622769717358000,1,0.15000000,2733.7400
1622769721692000,1,1.01961857,2732.1700
1622769729982000,0,0.44418746,2730.1900
1622769740382000,1,0.40200000,2725.9100
1622769740868000,1,7.81077000,2725.2700
1622769742838000,1,1.22903877,2724.0800
1622769743280000,1,0.65000000,2722.5200
1622769743282000,1,6.92569545,2721.9500
1622769743388000,1,0.26100000,2721.9500
1622769743454000,1,0.00008285,2721.9500
1622769743686000,1,0.93178299,2722.6000
1622769747787000,1,0.19685597,2723.7200
1622769748186000,0,0.44516000,2723.8500
1622769748529000,0,0.00000591,2723.8500
1622769748529000,0,0.44517245,2723.8600
1622769748529000,0,1.11272164,2723.8600
1622769748721000,0,0.00017686,2723.8600
1622769748922000,0,8.02275039,2725.3100
1622769748922000,0,8.26667691,2725.3200
1622769753719000,1,0.47792668,2723.7800
1622769754360000,0,6.11675021,2727.1500
1622769755441000,1,0.19685597,2724.8900
1622769755722000,1,1.20314403,2724.8900
1622769756992000,1,0.58418000,2723.5200
1622769760799000,0,0.44473774,2725.7200
1622769761597000,0,1.40000000,2727.0500
1622769761597000,0,7.18677830,2727.0500
1622769761597000,0,0.44473774,2727.0800
1622769761762000,0,0.16419097,2727.3400
1622769761773000,0,0.28021069,2727.3400
1622769764448000,0,8.79700000,2728.8100
1622769765735000,0,1.15676786,2728.8700
1622769777136000,1,0.81360000,2728.7300
1622769777463000,1,2.00000000,2728.1800
1622769782664000,0,0.44381231,2731.3000
1622769782664000,0,0.64166788,2731.3000
1622769782673000,0,0.85833212,2731.3000
1622769783788000,0,0.27200000,2732.2900
1622769783788000,0,1.07035359,2732.3000
1622769788066000,1,1.30209298,2726.0300
1622769797269000,0,0.44435276,2728.5900
1622769805273000,1,0.27709701,2727.9000
1622769805692000,0,6.00000000,2730.1200
1622769805692000,0,0.96201800,2730.1300
1622769810354000,1,0.23234000,2726.4800
1622769815566000,0,0.74088000,2728.7300
1622769841093000,1,0.36117239,2727.6400
1622769855491000,1,2.50813082,2727.8600
1622769861728000,1,0.74082887,2722.0600
1622769862076000,1,1.75553911,2722.3300
1622769863599000,0,2.89568424,2722.8100
1622769863599000,0,0.77431576,2722.8200
1622769867562000,1,0.20571614,2722.1500
1622769867808000,0,0.20000000,2721.6700
1622769867835000,1,0.18629508,2721.0100
1622769867835000,1,0.01370492,2720.7500
1622769876065000,1,0.78375000,2722.2800
1622769880639000,1,2.19223013,2721.2400
1622769880649000,1,2.87060541,2721.2400
1622769880657000,1,2.48598180,2721.2400
1622769881512000,1,0.59197000,2721.5900
1622769882782000,1,0.69622000,2721.4700
1622769884223000,1,0.67621262,2720.3800
1622769885643000,1,0.75948828,2718.7900
1622769886852000,1,0.66872000,2718.9400
1622769886875000,1,0.00000291,2718.9400
1622769887314000,0,1.35658822,2719.4000
1622769887318000,0,1.19768608,2719.4000
1622769891873000,1,2.11061362,2720.1100
1622769899085000,1,6.71493243,2716.9100
1622769902847000,1,0.09993000,2712.9200
1622769905981000,1,0.72590639,2710.2900
1622769906418000,0,0.14159900,2710.1400
1622769906661000,1,0.69488579,2710.0400
1622769907110000,0,0.17104000,2710.1300
1622769907664000,1,0.29383399,2708.8600
1622769908127000,1,0.43894055,2708.8600
1622769908127000,1,7.73625945,2708.2200
1622769908841000,1,0.68116000,2709.2200
1622769908899000,1,0.00000229,2709.2200
1622769911730000,0,0.16580932,2711.2000
1622769911995000,0,7.22119000,2711.2000
1622769912188000,0,0.00000068,2711.2000
1622769912188000,0,1.49999932,2711.2100
1622769912327000,1,0.64893000,2710.7400
1622769913806000,1,0.67879000,2710.2900
1622769915155000,1,0.70691000,2710.0600
1622769917494000,1,0.60443000,2710.0600
1622769924972000,0,0.17572000,2712.2700
1622769926132000,1,7.64362222,2710.4900
1622769926132000,1,7.53758138,2710.4800
1622769926132000,1,4.60804095,2710.4600
1622769926132000,1,7.80775310,2710.4300
1622769926132000,1,0.68871070,2710.2500
1622769929412000,1,0.16687276,2711.4900
1622769932582000,1,2.76556000,2711.3100
1622769932953000,0,0.13982000,2711.5500
1622769933132000,0,0.77134000,2712.0500
1622769935450000,1,0.18566811,2711.7000
1622769935951000,1,2.57938000,2711.7000
1622769935975000,1,0.00000422,2711.7000
1622769935975000,1,3.68676375,2711.5100
1622769935976000,1,0.00000447,2711.3100
1622769935995000,1,2.08499234,2710.7500
1622769936039000,1,0.90926958,2710.6100
1622769937045000,1,7.60185758,2710.5300
1622769939505000,0,0.31230000,2714.0400
1622769944855000,0,7.55447000,2711.4900
1622769956326000,0,0.40515250,2713.6400
1622769956326000,0,1.52044441,2714.7200
1622769958939000,0,0.58254380,2716.4900
1622769960429000,0,0.01375070,2717.8100
1622769963466000,0,0.72468432,2718.8300
1622769964711000,1,0.06000000,2716.7800
1622769964711000,1,0.20000000,2716.4900
1622769964711000,1,8.11591187,2716.3500
1622769964711000,1,4.81085813,2716.3400
1622769964774000,1,0.02000000,2716.7900
1622769966963000,0,0.77000000,2720.8500
1622769968462000,0,0.16735000,2720.6800
1622769968536000,0,0.00000391,2720.6800
1622769968627000,0,0.78728000,2721.4500
1622769969984000,0,0.70311000,2722.3600
1622769970096000,0,0.00000218,2722.3600
1622769971313000,0,0.57152012,2724.0400
1622770001676000,1,1.30000000,2725.0000
1622770001991000,0,9.25114399,2725.0900
1622770003249000,1,0.10000000,2724.0400
1622770003373000,1,0.73555000,2723.3300
1622770007930000,0,1.00000000,2725.0600
1622770016973000,1,1.55883678,2721.8800
1622770017023000,1,0.92256547,2721.8800
1622770018636000,1,0.29065637,2721.1700
1622770021865000,0,7.57273526,2722.1500
1622770027359000,0,0.06100000,2725.6100
1622770035842000,0,1.00000000,2724.9600
1622770040977000,0,0.03462531,2726.0400
1622770050403000,0,1.00000000,2730.1300
1622770061354000,0,0.02000000,2727.7100
1622770061354000,0,1.98000000,2727.7100
1622770072757000,0,0.02000000,2727.4400
1622770072757000,0,1.28330381,2728.0000
1622770072757000,0,2.61862223,2728.0000
1622770087775000,0,0.12152207,2727.6900
1622770087775000,0,2.80689486,2728.3300
1622770108685000,0,1.00000000,2729.5500
1622770117563000,0,1.00000000,2732.3900
1622770118663000,0,1.50276000,2732.3900
1622770118688000,0,0.00000508,2732.3900
1622770131825000,0,0.17118000,2732.3300
1622770136097000,0,0.00000620,2732.3300
1622770136097000,0,0.99999380,2733.8900
1622770140932000,1,2.45013000,2731.1500
1622770140975000,1,0.06987000,2731.1500
1622770151913000,0,2.20000000,2728.4900
1622770151990000,0,0.68879000,2728.4900
1622770152059000,0,0.00000771,2728.4900
1622770152059000,0,0.44445898,2728.5100
1622770158923000,0,4.28044863,2731.4600
1622770160463000,0,0.00912697,2732.5600
1622770161649000,1,1.70177607,2730.7500
1622770161650000,1,0.97349775,2730.7500
1622770174333000,0,2.36659867,2729.0900
1622770174448000,0,0.44394278,2729.6700
1622770174575000,0,1.10984077,2729.8700
1622770176262000,1,1.72644934,2728.0600
1622770186883000,0,0.06021408,2731.9500
1622770203681000,1,0.36383744,2726.4500
1622770211655000,1,0.16549000,2725.8200
1622770215687000,0,2.36659867,2733.8100
1622770216917000,0,0.17881005,2732.2900
1622770216968000,0,0.00000001,2732.2900
1622770226664000,0,0.02000000,2734.8700
1622770227212000,0,4.82195339,2735.2700
1622770227472000,0,2.72574795,2735.2700
1622770227588000,0,0.88497319,2735.2700
1622770227615000,0,0.34232547,2735.2700
1622770241567000,0,0.02000000,2736.9400
1622770241567000,0,1.59198637,2736.9400
1622770247137000,0,8.08236817,2740.0300
1622770247137000,0,3.85272348,2740.0400
1622770250772000,1,2.46161138,2738.5700
1622770251177000,1,0.10131742,2738.5700
1622770259715000,0,1.10526261,2742.3300
1622770262008000,0,1.68378900,2743.2200
1622770270198000,0,0.01819461,2741.4700
1622770274370000,1,10.00000000,2738.9400
1622770290190000,0,0.60357092,2735.7800
1622770290285000,0,1.12287842,2735.7800
1622770290285000,0,0.44317599,2735.7900
1622770290465000,0,1.44999999,2735.8300
1622770290502000,0,0.00000001,2735.8300
1622770290502000,0,0.52267815,2736.1200
1622770292190000,1,0.16898814,2736.8400
1622770292190000,1,0.44317000,2735.7900
1622770292190000,1,0.58879478,2735.6800
1622770292190000,1,0.02000000,2735.4600
1622770292220000,1,0.56934040,2735.1900
1622770292220000,1,1.36898663,2734.9800
1622770292528000,1,0.02000000,2735.0000
1622770292528000,1,1.40000000,2735.0000
1622770292528000,1,5.81779167,2735.0000
1622770292528000,1,0.82152005,2734.9700
1622770293193000,0,0.78483056,2739.0500
1622770296657000,0,0.69053465,2740.7600
1622770296657000,0,1.40000000,2741.8100
1622770300251000,0,0.18200000,2739.3900
1622770300327000,0,0.00000432,2739.3900
1622770320718000,0,0.01826932,2743.3800
1622770324243000,0,0.01827253,2745.7000
1622770326450000,0,1.40000000,2746.5400
1622770341856000,1,0.17397094,2742.0300
1622770341856000,1,0.41496075,2741.7600
1622770341983000,1,0.17397095,2741.7600
1622770346962000,0,13.84162421,2742.6500
1622770346965000,0,4.40712468,2742.6500
1622770356982000,0,0.16837000,2744.3900
1622770357096000,0,0.00000366,2744.3900
1622770358423000,0,1.41121000,2744.3900
1622770358436000,0,0.00000878,2744.3900
1622770360307000,0,0.73541000,2746.4600
1622770360695000,0,0.30000000,2748.3100
1622770397466000,1,0.23196014,2746.8100
1622770400811000,1,0.94889459,2746.9400
1622770400817000,1,0.25710541,2746.9400
1622770400817000,1,0.74747639,2746.5200
1622770404739000,1,0.35138234,2742.3900
1622770404993000,1,0.00000001,2742.3900
1622770408588000,0,3.64622000,2744.5000
1622770408705000,0,0.00000365,2744.5000
1622770408870000,0,1.00000000,2744.8400
1622770409371000,0,0.18162957,2747.3500
1622770409918000,1,0.73038926,2744.7000
1622770409918000,1,0.19339636,2744.2500
1622770409918000,1,0.53760419,2744.2500
1622770412684000,0,0.02000000,2745.8200
1622770412684000,0,7.80959350,2745.8900
1622770412684000,0,7.17040650,2746.4400
1622770419023000,1,8.77662258,2745.0000
1622770422975000,1,1.22337742,2745.0000
1622770422975000,1,1.94252818,2744.1100
1622770423003000,1,3.57262828,2744.1100
1622770423013000,1,2.01225457,2744.1100
1622770423223000,1,1.57655543,2744.0500
1622770423227000,1,0.76754187,2744.0500
1622770423227000,1,0.56641529,2743.8200
1622770428780000,0,0.17056068,2745.3000
1622770428824000,0,0.28000000,2745.3000
1622770428948000,0,3.20000000,2745.3000
1622770429029000,0,3.53621762,2745.3000
1622770448122000,0,0.02000000,2742.4200
1622770448122000,0,0.17421000,2742.4300
1622770452724000,0,0.50530000,2741.6000
1622770453658000,0,0.00000207,2741.6000
1622770460436000,1,0.11225978,2741.4900
1622770477881000,0,1.05623581,2741.7300
1622770486220000,0,0.45349000,2741.2900
1622770493509000,0,0.00000715,2741.2900
1622770507776000,1,0.65336558,2738.8000
1622770510328000,1,0.18400000,2737.8000
1622770512739000,0,0.18163352,2739.5000
1622770537073000,1,0.37200000,2735.7600
1622770537171000,1,1.68107127,2734.9900
1622770542701000,1,0.74015000,2732.2800
1622770544112000,1,0.63318886,2731.5600
1622770544330000,1,0.19403290,2732.1200
1622770544330000,1,0.07537807,2731.6500
1622770547098000,1,0.60818000,2730.7500
1622770547166000,1,0.13240371,2729.2400
1622770547166000,1,1.50000000,2727.9800
1622770547166000,1,7.81392176,2727.9700
1622770547166000,1,6.38029063,2727.9600
1622770549181000,0,0.20000000,2731.9100
1622770549181000,0,1.65792414,2731.9300
1622770563869000,1,2.43374855,2729.0000
1622770564081000,1,0.30624007,2728.8300
1622770564081000,1,0.12244491,2728.8300
1622770564082000,1,0.00000001,2728.8300
1622770564339000,1,0.79622000,2728.3400
1622770566223000,0,1.32405159,2725.8300
1622770576292000,1,0.19000000,2725.9800
1622770576370000,1,0.00615282,2725.9800
1622770577564000,1,0.56934040,2724.4900
1622770582051000,1,0.74982000,2722.2000
1622770584089000,0,0.87366000,2723.4500
1622770584169000,0,0.00000989,2723.4500
1622770585128000,0,0.44517000,2724.3700
1622770585301000,0,0.00000366,2724.3700
1622770595161000,0,0.18946000,2726.6900
1622770596170000,0,0.58000000,2727.8100
1622770596249000,0,0.18664900,2726.8300
1622770596249000,0,0.00021269,2727.8100
1622770598251000,0,0.09115695,2728.8100
1622770599365000,0,0.77000000,2729.1300
1622770611462000,1,0.18000000,2728.3500
1622770633365000,1,1.50000000,2728.3300
1622770643160000,1,0.02000000,2729.4700
1622770643160000,1,7.85608001,2729.4600
1622770643160000,1,2.65632088,2729.4600
1622770643160000,1,9.46759911,2729.4500
1622770662297000,0,0.44408000,2733.8100
1622770662369000,0,0.00000928,2733.8100
1622770665378000,0,0.14214381,2733.8000
1622770666026000,1,0.15613269,2732.7600
1622770668501000,0,0.14564000,2733.9000
1622770670816000,1,0.06300000,2732.1200
1622770691286000,1,0.07500000,2733.5100
1622770695200000,0,0.02000000,2733.9800
1622770695200000,0,8.09634744,2733.9900
1622770695200000,0,11.89400000,2734.0000
1622770695200000,0,8.07755754,2734.0100
1622770695200000,0,0.16229319,2734.0300
1622770695200000,0,3.65965241,2734.2500
1622770695200000,0,1.88440000,2734.8700
1622770695200000,0,20.57400000,2735.0700
1622770695200000,0,0.44334473,2735.3100
1622770695200000,0,5.48905443,2735.3200
1622770695200000,0,9.87237659,2735.5400
1622770695200000,0,0.44328634,2735.5400
1622770695200000,0,6.89339080,2735.5700
1622770695200000,0,8.77500000,2735.6500
1622770695200000,0,7.31903138,2735.7100
1622770695200000,0,0.20000000,2736.0600
1622770695200000,0,0.44321824,2736.1400
1622770695255000,1,5.54392588,2736.2100
1622770695273000,1,5.85000000,2736.2100
1622770695274000,1,7.50605857,2736.2100
1622770695292000,1,18.31300000,2736.2100
1622770695310000,1,1.00000000,2736.2100
1622770695312000,1,5.54378343,2736.2100
1622770695317000,1,1.21882466,2736.2100
1622770695318000,1,18.29594789,2736.2100
1622770695339000,1,9.10000000,2736.2100
1622770695351000,1,1.59160706,2736.2100
1622770695400000,1,139.66000000,2736.2100
1622770695436000,1,0.29100000,2736.2100
1622770695551000,1,23.36000000,2736.2100
1622770695590000,1,23.36000000,2736.2100
1622770695645000,1,13.84223226,2736.2100
1622770695861000,1,18.29483768,2736.2100
1622770695921000,1,3.65918958,2736.2100
1622770695924000,1,2.74439219,2736.2100
1622770695924000,1,7.31837916,2736.2100
1622770695925000,1,4.57398698,2736.2100
1622770695925000,1,7.31903138,2736.2100
1622770695937000,1,5.48878437,2736.2100
1622770696004000,1,0.17654763,2736.2100
1622770696153000,1,0.14339008,2736.2100
1622770696171000,1,0.60461172,2736.2100
1622770696206000,1,3.60550677,2736.2100
1622770696318000,1,0.69580074,2736.2100
1622770696321000,1,0.17573747,2736.2100
1622770696414000,1,0.67135382,2736.2100
1622770696415000,1,18.29520473,2736.2100
1622770696432000,1,0.14680942,2736.2100
1622770696442000,1,11.07229037,2736.2100
1622770696543000,1,0.57582666,2736.2100
1622770696653000,1,0.08551386,2736.2100
1622770696667000,1,0.72795126,2736.2100
1622770696808000,1,0.79739339,2736.2100
1622770696926000,1,18.29579329,2736.2100
1622770696944000,1,0.80051719,2736.2100
1622770696992000,1,52.80000000,2736.2100
1622770697059000,1,2.74439219,2736.2100
1622770697061000,1,0.68809004,2736.2100
1622770697062000,1,7.31903138,2736.2100
1622770697063000,1,5.48878437,2736.2100
1622770697064000,1,4.57398698,2736.2100
1622770697078000,1,3.65918958,2736.2100
1622770697086000,1,11.25568565,2736.2100
1622770697149000,1,34.07083708,2736.2100
1622770697150000,1,1.96891869,2736.2100
1622770697189000,1,1.50299136,2736.2100
1622770697463000,1,18.29497074,2736.2100
1622770697730000,1,24.06332610,2736.2100
1622770697904000,1,13.84144076,2736.2100
1622770697971000,1,18.29566223,2736.2100
1622770698006000,1,3.60546196,2736.2100
1622770698046000,1,0.04726637,2736.2100
1622770698173000,0,1.19401000,2736.2200
1622770698231000,1,2.74421603,2736.2100
1622770698231000,1,5.48878437,2736.2100
1622770698256000,1,3.65882108,2736.2100
1622770698447000,0,0.00000337,2736.2200
1622770698447000,0,3.46808663,2736.2300
1622770698581000,0,5.31191337,2736.2300
1622770699735000,0,2.74316000,2736.2800
1622770699738000,0,0.00000382,2736.2800
1622770699751000,0,3.65773861,2736.3300
1622770700538000,1,0.18978036,2736.5000
1622770700538000,1,2.07021964,2736.2100
1622770700589000,0,1.88199222,2737.2200
1622770700592000,0,5.99613108,2737.2200
1622770701407000,1,0.18978036,2736.2100
1622770701500000,0,0.19655294,2736.8700
1622770701934000,0,2.80300000,2736.8700
1622770702638000,0,0.14397745,2736.5400
1622770702735000,0,2.20002255,2736.5400
1622770702736000,0,0.59700668,2737.5100
1622770702736000,0,1.34122180,2737.5200
1622770702745000,0,1.40080721,2737.5200
1622770702758000,0,8.15675181,2737.6400
1622770702781000,0,3.65596393,2737.7600
1622770703010000,0,0.07700000,2738.1000
1622770705139000,1,3.27016236,2736.2600
1622770707458000,0,0.05409772,2738.8300
1622770707458000,0,1.15121445,2738.8500
1622770707541000,0,2.30682000,2738.8500
1622770715461000,0,1.61000000,2737.7400
1622770717028000,0,0.02000000,2738.9500
1622770717028000,0,8.76500000,2738.9600
1622770717028000,0,1.12046735,2738.9800
1622770717246000,0,1.62000000,2738.9700
1622770731880000,1,2.12941167,2736.7100
1622770732495000,1,0.06136038,2736.2200
1622770732497000,1,0.87203213,2736.2200
1622770732503000,1,0.66497116,2736.2200
1622770732510000,1,0.20158234,2736.2200
1622770732515000,1,0.92532022,2736.2200
1622770732529000,1,0.35898243,2736.2200
1622770732534000,1,0.15782795,2736.2200
1622770732534000,1,0.05999999,2736.2200
1622770732648000,1,0.20013983,2736.2100
1622770732918000,1,0.04726739,2736.2300
1622770733036000,1,1.30290223,2736.2100
1622770733622000,1,18.28541039,2736.2100
1622770733679000,1,2.74262433,2736.2100
1622770733680000,1,1.45671682,2736.2100
1622770733688000,1,2.52582332,2736.2100
1622770733702000,1,3.01000000,2736.2100
1622770733707000,1,2.66208551,2736.2100
1622770733819000,1,2.10000000,2736.2100
1622770733827000,1,0.43916311,2736.2100
1622770733874000,1,0.73000000,2736.2100
1622770733893000,1,2.35000000,2736.2100
1622770733926000,1,109.91000000,2736.2100
1622770733971000,1,1.65000000,2736.2100
1622770734011000,1,0.18310000,2736.2100
1622770734040000,1,0.92083772,2736.2100
1622770734046000,1,1.75000000,2736.2100
1622770734065000,1,3.76299471,2736.2100
1622770734080000,1,1.25317661,2736.2100
1622770734080000,1,2.43043463,2736.2100
1622770734088000,1,0.05600000,2736.2100
1622770734122000,1,2.50000000,2736.2100
1622770734122000,1,18.29281135,2736.2100
1622770734196000,1,0.15000000,2736.2100
1622770734273000,1,0.09026350,2736.2100
1622770734340000,1,0.77138897,2736.2100
1622770734342000,1,0.07459693,2736.2100
1622770734360000,1,9.81100000,2736.2100
1622770734365000,1,0.18839467,2736.2100
1622770734399000,1,0.36602953,2736.2100
1622770734457000,1,0.54963615,2736.2100
1622770734463000,1,0.32696164,2736.2100
1622770734488000,1,0.08819864,2736.2100
1622770734562000,1,0.08319340,2736.2100
1622770734567000,1,0.49043406,2736.2100
1622770734569000,1,13.83551789,2736.2100
1622770734573000,1,0.35504864,2736.2100
1622770734575000,1,13.65578692,2736.2100
1622770734602000,1,0.29850335,2736.2100
1622770734609000,1,1.27882710,2736.2100
1622770734616000,1,0.12650000,2736.2100
1622770734625000,1,2.58145851,2736.2100
1622770735962000,0,2.74400000,2734.8900
1622770740911000,1,0.61899230,2735.7100
1622770741605000,0,2.51969002,2737.1800
1622770741618000,0,0.22233176,2737.1800
1622770741618000,0,3.43370888,2737.2300
1622770741622000,0,0.22233176,2737.2300
1622770741661000,0,5.48467267,2737.7800
1622770741745000,0,0.06216843,2737.7800
1622770742509000,0,0.76209057,2738.7000
1622770749002000,1,0.14557134,2739.9400
1622770749002000,1,0.61005260,2739.1300
1622770749002000,1,2.08397764,2738.6400
1622770752975000,1,0.47747142,2740.1000
1622770756009000,0,2.73843691,2740.9200
1622770756009000,0,0.06215309,2740.9200
1622770756556000,0,2.73766495,2741.6600
1622770763827000,0,0.15055576,2740.2700
1622770763827000,0,0.07462583,2741.5000
1622770763827000,0,0.77481841,2741.5000
1622770769874000,0,3.65252061,2740.2900
1622770769874000,0,2.73926231,2740.3000
1622770769883000,0,3.65238025,2740.3900
1622770776175000,1,0.48634306,2741.7700
1622770776204000,1,0.00992537,2741.7700
1622770778405000,1,0.51684028,2741.3500
1622770778434000,1,0.01054776,2741.3500
1622770781545000,0,2.73630000,2742.6900
1622770784216000,1,0.05454220,2741.3900
1622770784430000,0,0.00006642,2742.6900
1622770784430000,0,2.73633358,2742.6900
1622770786433000,1,1.18157827,2741.4700
1622770786905000,1,0.91976175,2741.4700
1622770788792000,1,0.87304070,2740.1300
1622770793234000,0,2.73713000,2741.8600
1622770793270000,0,0.00000077,2741.8600
1622770795788000,0,6.85000000,2741.3200
1622770795827000,0,13.78400000,2741.3200
1622770798681000,1,11.22100000,2741.0200
1622770807925000,1,1.55071924,2739.2900
1622770815472000,1,0.52790102,2736.6600
1622770815472000,1,7.33083023,2736.2800
1622770817237000,1,6.35002288,2734.2200
1622770818936000,0,0.57527016,2735.8300
1622770820389000,1,0.50398000,2735.7600
1622770821038000,1,0.00209838,2735.7600
1622770824766000,0,0.59059591,2738.5800
1622770824771000,0,0.00000001,2738.5800
1622770834365000,0,0.00493695,2737.6500
1622770834365000,0,0.20000000,2738.7700
1622770834365000,0,1.00000000,2739.0900
1622770834365000,0,5.00041817,2739.1000
1622770834365000,0,1.50000000,2739.2100
1622770834365000,0,4.56894681,2739.2200
1622770834365000,0,2.39385878,2739.6300
1622770846988000,0,0.60560414,2739.7600
1622770847304000,0,4.87939586,2739.7600
1622770872182000,0,0.14057449,2734.2300
1622770872182000,0,0.58465551,2734.5700
1622770873573000,0,0.14057000,2734.5700
1622770886272000,1,0.17593004,2731.8100
1622770888836000,1,0.00359041,2731.8100
1622770914156000,0,1.91520081,2733.8100
1622770914246000,1,0.05785054,2731.8200
1622770921174000,0,0.73586000,2735.5700
1622770922202000,0,0.00000154,2735.5700
1622770922202000,0,0.03225654,2736.7500
1622770922202000,0,0.73388656,2736.8000
1622770933596000,0,0.20000000,2732.4600
1622770936630000,1,0.33000000,2731.0500
1622770939195000,0,0.20000000,2732.4400
1622770945320000,0,0.19500000,2730.9900
1622770948987000,0,0.73492003,2732.2700
1622770949040000,0,2.75933417,2732.8600
1622770949041000,0,1.81865927,2732.8600
1622770949041000,0,0.44355474,2732.8900
1622770949074000,0,0.44357706,2733.0700
1622770949074000,0,0.73506812,2733.0800
1622770949074000,0,8.78200000,2733.2800
1622770949143000,0,2.88309192,2733.6900
1622770949271000,0,6.22551061,2733.9300
1622770949285000,0,5.66348939,2733.9300
1622770949360000,0,0.44355474,2733.0700
1622770956809000,0,0.72882105,2733.7300
1622770976650000,1,0.02690000,2734.8900
1622770995343000,1,0.17600000,2728.9500
1622770997780000,0,0.20000000,2730.3700
1622770999456000,0,6.94950635,2731.0900
1622771007289000,0,0.15300000,2732.8700
1622771057831000,0,0.27032000,2732.1100
1622771058202000,0,0.00000920,2732.1100
1622771065396000,0,2.82812728,2732.7200
1622771074563000,1,0.20000000,2732.6400
1622771113377000,0,0.16316645,2733.8100
1622771117322000,1,0.25000000,2734.2200
1622771133063000,0,0.01146814,2738.0200
1622771134830000,1,0.02890000,2735.5800
1622771142111000,0,2.74100599,2737.4300
1622771142184000,1,13.05000000,2737.9100
1622771142255000,1,1.62763000,2737.9100
1622771142261000,1,1.04277590,2737.9100
1622771142326000,1,18.27461467,2737.9100
1622771142405000,1,6.85000000,2737.9100
1622771142478000,1,4.20000000,2737.9100
1622771142830000,1,18.27421847,2737.9100
1622771142947000,1,0.14302522,2737.9100
1622771143218000,1,0.17852450,2737.9100
1622771143360000,1,3.61820525,2737.9100
1622771143455000,0,3.65496448,2737.1600
1622771144510000,0,0.18624532,2738.0200
1622771146918000,1,0.14987914,2739.7000
1622771146983000,0,0.21977065,2738.9700
1622771163753000,0,0.52458000,2741.4600
1622771163890000,0,0.00000459,2741.4600
1622771176186000,1,0.42715460,2739.4000
1622771176452000,1,0.09834056,2739.4000
1622771199756000,1,4.00000000,2739.1900
1622771202358000,1,0.14181879,2739.2200
1622771204181000,0,1.01453981,2739.9700
1622771233155000,1,0.26234341,2739.3100
1622771251071000,0,0.14167000,2733.4500
1622771263475000,1,1.21016041,2735.4800
1622771273067000,1,0.95157262,2733.6700
1622771285191000,0,2.74589000,2733.0200
1622771297809000,0,0.05612530,2733.2200
1622771298922000,0,2.74631000,2732.7000
1622771302400000,0,0.14611558,2734.0000
1622771312727000,1,0.18457973,2730.8700
1622771313352000,0,0.02000000,2731.2200
1622771313352000,0,11.88500000,2731.2300
1622771326051000,1,0.54891317,2730.1200
1622771333164000,0,0.51865000,2730.4300
1622771335731000,0,0.02348861,2731.1100
1622771341431000,1,0.04974000,2729.1000
1622771341621000,1,0.14679344,2728.4800
1622771357165000,1,5.95630568,2723.9500
1622771357165000,1,1.23784755,2723.9300
1622771371761000,0,0.46000000,2729.1200
1622771377481000,1,0.04600000,2727.5400
1622771377573000,1,0.24034125,2727.5400
1622771377581000,1,0.04600000,2727.5400
1622771381592000,0,1.91390000,2726.3800
1622771400543000,1,2.77200000,2723.5900
1622771400545000,1,1.01056792,2723.5900
1622771450338000,1,0.11272793,2720.0000
1622771450346000,1,0.00000001,2720.0000
1622771464608000,1,8.01849630,2718.2900
1622771464608000,1,4.30605272,2718.2900
1622771465973000,1,0.02000000,2719.9900
1622771465973000,1,0.57013062,2719.9100
1622771465973000,1,0.13956024,2719.4400
1622771484946000,0,3.67354000,2724.2700
1622771485361000,0,0.00000314,2724.2700
1622771485361000,0,0.44500686,2724.6200
1622771486453000,0,0.00000365,2724.6200
1622771486453000,0,5.51099635,2724.8300
1622771486530000,0,0.00024183,2724.8300
1622771509531000,0,0.44508000,2726.2100
1622771510979000,0,0.00000569,2726.2100
1622771523078000,0,0.02000000,2726.5200
1622771523078000,0,0.47397665,2726.5300
1622771523078000,0,0.57013063,2726.8500
1622771523078000,0,8.24273102,2727.0200
1622771523078000,0,7.76326821,2727.0300
1622771523078000,0,21.92600000,2727.1000
1622771523078000,0,0.20000000,2727.4200
1622771523078000,0,4.80389349,2727.6400
1622771553682000,1,0.52771000,2725.6900
1622771553753000,1,0.00000188,2725.6900
1622771555959000,0,0.13976296,2726.5500
1622771578936000,0,2.74894116,2729.8900
1622771591911000,0,2.74686620,2731.8000
1622771591913000,0,0.90158826,2731.8100
1622771591926000,0,0.88356598,2731.8100
1622771591937000,0,1.87704906,2731.8100
1622771592061000,0,5.01559289,2732.1200
1622771592105000,0,0.18708771,2732.4400
1622771592155000,0,2.55891120,2732.4400
1622771609035000,0,2.61384000,2734.8800
1622771609373000,0,9.27616000,2734.8800
1622771624130000,0,2.74461000,2733.9900
1622771639527000,1,0.50000000,2731.8000
1622771684768000,0,1.74777455,2736.8100
1622771688570000,1,2.33240488,2735.9400
1622771688584000,1,0.89485682,2735.9400
1622771688599000,1,1.03747857,2735.9400
1622771696697000,1,1.36582000,2734.5000
1622771696918000,1,0.00000705,2734.5000
1622771697349000,1,0.18140191,2733.9500
1622771697349000,1,0.22259809,2733.6800
1622771704829000,1,0.30000000,2733.6800
1622771704836000,1,0.00354865,2733.6800
1622771733461000,1,0.19000000,2729.5600
1622771779206000,1,6.39354015,2727.8700
1622771787183000,0,0.64312000,2726.7100
1622771789053000,0,2.24815835,2727.8700
1622771789140000,0,0.19573000,2727.8700
1622771809487000,0,0.00000303,2727.8700
1622771825403000,0,0.91229000,2728.2500
1622771825490000,0,0.00000601,2728.2500
1622771828436000,1,2.64294634,2727.3600
1622771951707000,0,0.73625331,2733.5700
1622771956278000,0,1.50000000,2735.3300
1622771960843000,1,0.19445341,2735.0600
1622771960942000,0,0.20000000,2735.6700
1622771960942000,0,3.45833278,2735.6900
1622772000846000,1,5.79826586,2737.8400
1622772000854000,1,1.86155259,2737.8400
1622772000854000,1,3.60615871,2737.8100
1622772000858000,1,1.75747863,2737.8100
1622772000860000,1,2.92991667,2737.8100
1622772002965000,1,1.61467813,2735.2600
1622772002973000,1,0.00000001,2735.2600
1622772003860000,1,0.04617064,2733.9400
1622772003887000,1,0.58103593,2733.9400
1622772004003000,1,0.14407901,2734.2800
1622772004178000,1,3.90598402,2733.4600
1622772004310000,1,12.94978726,2733.4600
1622772004339000,1,1.15590878,2734.1100
1622772004404000,1,0.36990635,2734.1100
1622772004422000,1,0.20317930,2734.1100
1622772004422000,1,0.84652190,2733.4600
1622772004459000,1,9.59770682,2733.4600
1622772005091000,1,0.13900000,2732.6200
1622772005096000,1,0.00094430,2732.6200
1622772005449000,1,0.15156544,2732.2000
1622772005449000,1,0.13943055,2732.1700
1622772005449000,1,0.65172709,2731.7700
1622772005449000,1,0.90630638,2731.7400
1622772005449000,1,0.15566830,2731.5700
1622772005449000,1,1.77530224,2731.2100
1622772008565000,1,0.16630824,2730.6900
1622772009487000,1,0.27937484,2732.6500
1622772009503000,1,0.72197480,2732.6500
1622772010711000,1,0.58236287,2731.1700
1622772012779000,0,0.55477280,2731.9100
1622772013555000,1,0.49129028,2732.0500
1622772013889000,0,0.20000000,2732.1700
1622772014260000,1,0.55000000,2731.8100
1622772014397000,0,0.20000000,2732.4100
1622772015325000,1,0.31417638,2732.4100
1622772016793000,1,0.57125000,2732.3700
1622772018345000,0,1.23254949,2733.6500
1622772053335000,0,0.15073894,2730.9600
1622772053335000,0,1.09298276,2731.2700
1622772055565000,0,0.17500000,2731.4900
1622772055723000,0,0.00053085,2731.4900
1622772069979000,1,0.15000000,2730.2000
1622772070017000,1,0.00134705,2730.2000
1622772088194000,1,0.15973000,2729.7800
1622772099591000,1,0.15086000,2729.0700
1622772120352000,1,0.85959760,2728.0300
1622772120352000,1,3.49981367,2728.0300
1622772120353000,1,1.14680969,2728.0300
1622772120355000,1,1.01896446,2728.0300
1622772136165000,1,8.29995808,2728.8300
1622772136165000,1,1.70004192,2728.8200
1622772211990000,1,0.11472797,2729.7100
1622772211990000,1,0.11473385,2729.7100
1622772217818000,0,0.20000000,2727.6400
1622772228258000,0,0.20000000,2729.4000
1622772228464000,0,0.20000000,2729.4500
1622772243365000,0,0.20000000,2728.6900
1622772266879000,0,2.74000000,2729.6500
1622772266910000,0,0.00891308,2729.6500
1622772268190000,0,0.10388801,2729.6700
1622772272320000,1,0.21476060,2727.0000
1622772279371000,1,0.04163835,2726.0700
1622772285574000,0,0.63388000,2728.0000
1622772285668000,0,0.00000481,2728.0000
1622772288185000,0,0.40200000,2729.9300
1622772305030000,0,2.54000000,2727.4200
1622772313475000,0,6.23000000,2727.4200
1622772313484000,0,0.00200000,2727.4200
1622772333104000,0,2.50000000,2730.0000
1622772336924000,0,1.20449613,2730.6900
1622772336935000,0,0.90416136,2730.6900
1622772337083000,0,10.21900000,2730.6900
1622772338893000,0,0.32000000,2730.6900
1622772344289000,1,2.06487533,2729.8500
1622772344414000,1,7.65107000,2729.3700
1622772344510000,1,0.00000564,2729.3700
1622772359573000,0,0.00534251,2730.6900
1622772360237000,0,0.39000000,2730.8900
1622772370889000,1,1.13387950,2729.7500
1622772379794000,0,0.20000000,2728.6800
1622772396768000,0,1.00881731,2727.7900
1622772396796000,0,1.07192547,2727.7900
1622772396833000,0,0.67003188,2727.7900
1622772396833000,0,1.03486813,2727.8000
1622772396834000,0,1.29289431,2727.8000
1622772396844000,0,1.34013244,2727.8000
1622772396844000,0,0.72467751,2728.1100
1622772412513000,1,1.00000000,2725.9900
1622772432838000,1,3.33297182,2724.8400
1622772498244000,1,2.38171192,2722.4700
1622772498244000,1,1.29045101,2722.4300
1622772498269000,1,1.16465651,2722.0900
1622772505923000,0,0.25003072,2723.0700
1622772505923000,0,0.45940974,2724.1100
1622772508114000,1,8.11164807,2721.9600
1622772508114000,1,0.02000000,2721.9600
1622772508114000,1,8.28626903,2721.9500
1622772508114000,1,8.81100000,2721.9300
1622772508114000,1,7.82303516,2721.6500
1622772508114000,1,9.67974156,2721.6400
1622772508114000,1,6.90976694,2721.6300
1622772508114000,1,0.35853924,2721.6200
1622772513553000,0,4.00000000,2723.7000
1622772522237000,1,0.14200000,2722.5300
1622772523656000,1,0.15800000,2722.4800
1622772526395000,0,0.08153974,2722.6000
1622772526395000,0,1.15017810,2722.6100
1622772526881000,0,0.02645450,2722.4100
1622772527414000,1,0.17600000,2722.1800
1622772528701000,1,0.15200000,2721.8600
1622772528705000,1,0.00078507,2721.8600
1622772529939000,1,0.13800000,2721.9300
1622772535230000,1,0.18000000,2722.0800
1622772542018000,1,0.15100000,2721.2400
1622772543255000,1,0.17500000,2721.4800
1622772543263000,1,0.00095051,2721.4800
1622772551379000,1,0.05000000,2720.0000
1622772551379000,1,2.23897747,2719.4000
1622772557143000,1,8.82400000,2718.6100
1622772558325000,0,1.16339972,2719.5800
1622772558356000,0,1.88656787,2719.5800
1622772560657000,0,0.20000000,2717.9300
1622772560657000,0,0.03057740,2717.9400
1622772560657000,0,4.36380260,2717.9400
1622772569192000,0,0.20000000,2713.7700
1622772573366000,0,0.19767716,2716.2000
1622772573597000,0,0.09725051,2716.2000
1622772587155000,1,3.73165628,2710.6400
1622772599885000,1,7.55974642,2710.7200
1622772599885000,1,0.17629918,2710.6500
1622772599885000,1,3.68740419,2710.5100
1622772599885000,1,3.68760682,2710.3700
1622772599885000,1,7.92263295,2710.3200
1622772599885000,1,5.52996384,2710.2900
1622772599885000,1,12.22100000,2710.1600
1622772599885000,1,4.21534660,2710.1400
1622772606174000,1,0.17457643,2711.5600
1622772606616000,0,0.52298345,2715.1800
1622772607510000,1,0.16979500,2714.1800
1622772607617000,1,0.16765366,2714.1800
1622772607622000,0,0.64722056,2715.9200
1622772607622000,0,0.54177944,2715.9200
1622772608735000,1,0.16282346,2714.2300
1622772608774000,1,0.01566507,2714.2300
1622772608774000,1,0.02000000,2714.2200
1622772608774000,1,5.04572971,2714.2100
1622772608869000,1,1.12558859,2714.2100
1622772608960000,1,0.07139541,2714.2300
1622772608960000,1,1.01558292,2714.2100
1622772609086000,1,0.07139541,2714.2200
1622772611094000,1,0.18939624,2712.6400
1622772611228000,1,0.06709827,2712.6400
1622772611357000,1,0.16024497,2712.6500
1622772612501000,1,1.02475765,2712.2300
1622772612747000,1,1.23762488,2712.2300
1622772631411000,1,0.19999999,2718.2600
1622772631413000,1,0.00000001,2718.2600
1622772632937000,1,0.54392747,2716.3000
1622772634042000,1,4.29999999,2716.2800
1622772634089000,1,0.00000001,2716.2800
1622772651850000,0,0.26130411,2718.0400
1622772675571000,1,0.17539815,2714.8400
1622772675571000,1,0.52563471,2713.8100
1622772690161000,1,0.54546289,2713.0800
1622772699845000,1,0.07672504,2709.3300
1622772699845000,1,0.19274583,2709.3000
1622772699847000,1,0.00000001,2709.3000
1622772725127000,0,0.61443723,2707.8600
1622772735025000,1,2.67616170,2703.6200
1622772736089000,1,0.06203839,2703.0100
1622772736089000,1,0.06203564,2702.7500
1622772736089000,1,1.47058518,2702.7400
1622772736102000,1,0.00000001,2702.7400
1622772736292000,1,0.48362775,2702.5400
1622772736292000,1,0.40347274,2702.3400
1622772736292000,1,1.50000000,2700.5500
1622772736292000,1,1.72108252,2700.5400
1622772736799000,1,0.15000000,2703.0100
1622772736875000,1,0.00083724,2703.0100
1622772737417000,1,0.34860576,2701.4400
1622772737510000,1,0.25668609,2701.4400
1622772737510000,0,0.02000000,2702.2700
1622772737510000,0,4.28000000,2702.2800
1622772737692000,1,2.77495870,2700.4400
1622772737921000,1,0.00000001,2700.4400
1622772737921000,1,0.88599999,2700.4400
1622772737972000,0,0.17975409,2701.9500
1622772738002000,1,0.00012276,2700.4400
1622772738002000,1,0.73186170,2700.3700
1622772738002000,1,1.30107414,2700.0000
1622772738041000,1,8.06784630,2700.0000
1622772738047000,1,11.19462508,2700.0000
1622772738119000,1,8.36529682,2700.0000
1622772738134000,0,1.15276698,2701.9500
1622772738369000,1,2.52626569,2700.0000
1622772738376000,1,2.51708742,2700.0000
1622772738376000,1,0.50000000,2700.0000
1622772738376000,1,1.00000000,2700.0000
1622772738376000,1,0.25000000,2700.0000
1622772738376000,1,0.40000000,2700.0000
1622772738376000,1,1.00000000,2700.0000
1622772738376000,1,0.15447037,2700.0000
1622772738376000,1,0.17900000,2700.0000
1622772738376000,1,1.00000000,2700.0000
1622772738376000,1,0.06700000,2700.0000
1622772738376000,1,0.03571014,2700.0000
1622772738515000,1,0.96383430,2700.0000
1622772738515000,1,0.15000000,2700.0000
1622772738515000,1,0.68000000,2700.0000
1622772738515000,1,5.20000000,2700.0000
1622772738515000,1,0.20000000,2700.0000
1622772738515000,1,1.00000000,2700.0000
1622772738515000,1,0.98000000,2700.0000
1622772738515000,1,0.82616570,2700.0000
1622772738516000,1,0.30804356,2700.0000
1622772738682000,1,3.18350807,2699.8300
1622772738715000,1,0.43551889,2699.8300
1622772738749000,1,0.00781971,2699.5900
1622772739958000,1,0.18000000,2698.9200
1622772740121000,0,1.00000000,2699.0500
1622772740197000,1,0.66375518,2698.9200
1622772740219000,0,6.26266988,2699.0500
1622772740239000,1,0.52485785,2697.9400
1622772740239000,1,0.62005944,2697.8900
1622772740390000,0,0.74603943,2699.0500
1622772740545000,1,0.05000000,2697.5000
1622772740545000,1,0.11714680,2697.1500
1622772740578000,0,0.20000000,2699.0400
1622772740578000,0,4.99129069,2699.0500
1622772740578000,0,2.04126138,2699.0500
1622772740589000,1,3.07524290,2700.0100
1622772740782000,0,1.05285179,2699.0400
1622772740884000,0,0.91443527,2699.5600
1622772742214000,1,0.93340000,2695.1700
1622772742214000,1,0.15266239,2695.1600
