timestamp ms,type,amount,price
1625961632658000,0,1.35740000,2114.0500
1625961632658000,0,7.36547724,2114.0500
1625961632658000,0,4.80000000,2114.0700
1625961632658000,0,1.87540000,2114.4600
1625961646502000,0,0.03736548,2115.9400
1625961646502000,0,7.70215668,2116.5400
1625961646502000,0,4.79404545,2116.6500
1625961673736000,1,0.27499999,2115.2300
1625961673799000,1,0.00000001,2115.2300
1625961673839000,1,0.25199999,2114.9000
1625961677033000,1,0.00000001,2114.9000
1625961677033000,1,1.16600000,2114.8400
1625961677041000,1,2.36800000,2114.6000
1625961677099000,1,0.22000000,2114.5700
1625961677099000,1,0.28800000,2114.2400
1625961677165000,1,0.02000000,2114.0900
1625961677792000,1,0.29600000,2113.9100
1625961712133000,0,7.39999999,2116.3400
1625961726287000,1,0.95216491,2116.2300
1625961726288000,1,0.00000001,2116.2300
1625961726783000,1,0.45238967,2115.7800
1625961726792000,1,0.47908713,2115.7800
1625961726792000,1,0.17322935,2115.6400
1625961727044000,1,0.43305489,2115.1600
1625961780840000,1,0.10999999,2116.0500
1625961781016000,1,0.00000001,2116.0500
1625961781086000,1,0.12900000,2115.7200
1625961836884000,1,0.10499999,2115.4700
1625961836899000,1,0.00000001,2115.4700
1625961841047000,1,0.13699999,2115.1400
1625961841100000,1,0.00000001,2115.1400
1625961842160000,1,0.11500000,2114.8100
1625961842160000,1,0.10500000,2114.4800
1625961843986000,1,0.12500000,2114.1500
1625961849560000,1,0.06374472,2113.8200
1625961851775000,1,0.19399999,2114.1300
1625961857794000,0,0.30000000,2114.5500
1625961857794000,0,0.02990258,2114.6400
1625961857794000,0,2.36637589,2114.7200
1625961857864000,1,1.80372153,2114.7600
1625961865828000,1,0.00000001,2114.1300
1625961865828000,1,0.14799998,2113.8000
1625961865879000,1,0.00000002,2113.8000
1625961876985000,1,0.18100000,2113.4700
1625961876985000,1,0.19400000,2113.1400
1625961877026000,1,0.19900000,2112.8100
1625961877784000,1,0.18499999,2112.4800
1625961877847000,1,0.00000001,2112.4800
1625961878306000,1,0.11631642,2112.1500
1625961879012000,1,0.07568358,2112.1500
1625961918794000,0,0.62000000,2110.9300
1625961937176000,1,0.02598299,2108.4100
1625961938179000,1,0.02060798,2107.9000
1625961992657000,1,0.03734999,2109.8200
1625961995588000,1,0.00000001,2109.8200
1625961995588000,1,5.68499999,2109.2800
1625962006032000,0,2.52000000,2109.6200
1625962006063000,0,2.52000000,2109.6200
1625962006156000,0,0.00980000,2109.6200
1625962006431000,0,0.73000000,2109.6200
1625962018402000,0,1.58400000,2109.1400
1625962027288000,0,0.00620000,2109.6200
1625962038410000,0,0.83600000,2109.6400
1625962065573000,1,4.53000000,2110.8700
1625962135574000,1,7.68300000,2113.0100
1625962135574000,1,1.66000000,2112.9900
1625962138594000,0,0.11000000,2113.1300
1625962138647000,0,0.00200000,2113.1300
1625962145666000,0,5.13600000,2112.9400
1625962155592000,1,5.02900000,2113.2400
1625962164736000,0,2.36475269,2115.2600
1625962188678000,0,0.62000000,2114.5700
1625962188724000,0,0.00600000,2114.5700
1625962195604000,1,7.86251364,2114.2300
1625962195604000,1,3.43048636,2114.2200
1625962198294000,1,1.18600000,2114.2200
1625962205578000,1,5.03500000,2114.4300
1625962208447000,0,2.51000000,2114.9000
1625962215573000,1,0.27900000,2114.8500
1625962238389000,0,1.05300000,2115.3900
1625962275579000,1,5.66400000,2116.9800
1625962275579000,1,0.21600000,2116.9700
1625962285572000,1,0.86500000,2117.5400
1625962309506000,0,0.02361143,2122.5100
1625962310104000,0,0.06578307,2122.5100
1625962331123000,1,0.02901209,2123.4400
1625962333519000,0,3.62027000,2124.7000
1625962333564000,0,3.19759087,2124.7000
1625962339189000,0,7.32457699,2126.4600
1625962345588000,1,0.17542301,2126.6700
1625962345588000,1,5.63957699,2126.1700
1625962375780000,0,0.50000000,2132.2000
1625962375820000,0,0.50000000,2132.3300
1625962377496000,0,0.03096140,2133.1100
1625962377496000,0,0.50000000,2133.1900
1625962377496000,0,0.50000000,2133.1900
1625962377496000,0,4.53903860,2133.2000
1625962382552000,0,0.30000000,2131.7800
1625962382552000,0,0.02890186,2131.7900
1625962389517000,1,0.29800000,2127.7500
1625962396628000,1,0.22399999,2127.6700
1625962396672000,1,0.00000001,2127.6700
1625962398342000,1,0.24100000,2127.3400
1625962398879000,0,0.02479999,2127.7500
1625962404266000,0,0.00000001,2127.7500
1625962439186000,1,2.20000000,2133.1100
1625962439195000,1,1.10930058,2133.1100
1625962445577000,1,0.21100000,2132.2300
1625962448300000,1,0.16100000,2131.9000
1625962448300000,1,0.17700000,2131.5700
1625962448300000,1,0.22700000,2131.2400
1625962448300000,1,0.03085830,2130.9200
1625962448300000,1,0.19500000,2130.9100
1625962448300000,1,0.18914170,2130.8100
1625962505434000,0,2.34716779,2131.1800
1625962512200000,0,0.02123296,2135.6900
1625962512204000,0,0.00000001,2135.6900
1625962531652000,1,0.50000000,2136.2100
1625962531652000,1,5.61100000,2136.2000
1625962531652000,1,1.60500000,2136.1900
1625962532342000,1,0.31234544,2136.9000
1625962532364000,1,0.00000001,2136.9000
1625962538315000,1,0.03079546,2135.4700
1625962538315000,1,0.47120454,2135.2100
1625962545570000,1,0.13800000,2135.7200
1625962545570000,1,0.12200000,2135.3900
1625962545570000,1,2.28000000,2135.2300
1625962547194000,1,0.11700000,2135.0600
1625962547394000,1,0.12200000,2134.7300
1625962547590000,1,0.13200000,2134.4000
1625962548308000,1,0.12900000,2134.0700
1625962548308000,1,1.89600000,2133.9000
1625962565576000,1,3.40100000,2135.7800
1625962604262000,0,1.47960677,2135.0400
1625962604273000,0,0.86306454,2135.0400
1625962604342000,0,1.43792696,2135.3000
1625962604364000,0,2.07608000,2135.3000
1625962604440000,0,4.68500732,2135.9700
1625962604440000,0,0.50000000,2135.9700
1625962604489000,0,0.50000000,2135.9600
1625962604629000,0,0.92368894,2136.6500
1625962604722000,0,1.80620000,2136.5400
1625962605986000,0,0.82714273,2137.7100
1625962606483000,0,2.69224427,2137.7100
1625962606493000,0,0.92280408,2137.7100
1625962606836000,0,0.47000000,2137.7100
1625962607239000,0,2.98780892,2137.7100
1625962610362000,1,0.16380988,2136.2400
1625962620603000,1,0.17863935,2136.3100
1625962620622000,1,0.00000001,2136.2400
1625962622555000,1,3.06055926,2135.0600
1625962623458000,1,1.93944074,2135.0600
1625962633405000,1,0.07000000,2134.2400
1625962642163000,0,2.34227396,2136.1000
1625962649197000,0,0.61410879,2136.7900
1625962649197000,0,0.03108787,2136.8000
1625962649197000,0,0.30000000,2136.8000
1625962649197000,0,0.03030091,2137.2700
1625962649197000,0,0.08231330,2137.6700
1625962649350000,1,0.08588000,2136.2500
1625962649396000,1,0.00000355,2136.2500
1625962668057000,1,0.04503845,2135.7800
1625962668058000,1,0.00000001,2135.7800
1625962669312000,0,3.51349681,2136.6700
1625962669312000,0,0.30000000,2136.6900
1625962669312000,0,2.34178053,2136.7500
1625962669313000,0,1.75170000,2136.9800
1625962669320000,0,0.35000000,2136.6600
1625962691820000,1,0.02359464,2137.3800
1625962691824000,1,0.00000001,2137.3800
1625962725578000,1,0.78700000,2134.3200
1625962735583000,1,1.19500000,2134.1700
1625962745579000,1,0.01240366,2131.8900
1625962745579000,1,7.61459634,2131.3500
1625962753536000,0,2.18766792,2132.5000
1625962775581000,1,1.48200000,2129.2100
1625962838382000,0,0.17900000,2125.2300
1625962855582000,1,0.00000001,2123.4400
1625962855582000,1,0.99999999,2123.0000
1625962868172000,1,2.58942891,2123.2800
1625962868183000,1,0.78617208,2123.2800
1625962871668000,1,0.00000001,2123.0000
1625962875712000,0,4.23299999,2121.8600
1625962875757000,0,0.00000001,2121.8600
1625962895577000,1,1.86600000,2119.9000
1625962932185000,0,1.85019871,2120.3600
1625962965760000,0,0.93653300,2118.5600
1625962965788000,0,3.98946700,2118.5600
1625963003778000,1,5.65000000,2120.8300
1625963003778000,1,0.02926849,2120.8100
1625963026459000,1,5.66100000,2117.3700
1625963026459000,1,5.63552741,2117.3500
1625963036961000,0,0.30000000,2117.1300
1625963036961000,0,0.02147600,2117.1400
1625963037566000,0,0.30000000,2117.0700
1625963037566000,0,1.24023600,2117.0700
1625963038111000,0,0.03850600,2117.0400
1625963042794000,1,1.24019999,2114.1800
1625963042795000,1,0.00000001,2114.1800
1625963056481000,1,7.68500000,2112.4300
1625963056481000,1,2.32629342,2112.4100
1625963103661000,1,0.17699993,2112.7700
1625963150199000,1,0.50000000,2109.2200
1625963150199000,1,1.53341219,2108.9200
1625963150204000,1,0.46478781,2108.9200
1625963152944000,1,2.61799999,2109.2300
1625963152945000,1,0.00000001,2109.2300
1625963206899000,0,0.07000000,2114.4000
1625963212709000,0,0.22000000,2113.2600
1625963221681000,1,0.13475404,2110.3100
1625963229731000,1,0.00000001,2110.3100
1625963262461000,0,0.30000000,2113.2800
1625963284339000,0,2.50000000,2111.0000
1625963399283000,0,1.47576792,2114.3500
1625963399285000,0,0.88982737,2114.3500
1625963399289000,0,0.92774126,2114.4500
1625963399375000,0,0.94531973,2114.6300
1625963399381000,0,1.07408558,2114.6300
1625963399391000,0,0.34601324,2114.6300
1625963399391000,0,0.94531973,2114.8400
1625963399391000,0,3.54816370,2114.8400
1625963399391000,0,0.30000000,2114.9800
1625963399845000,1,0.03082997,2113.6700
1625963443097000,1,0.02746542,2111.5100
1625963443181000,1,0.13653457,2111.5100
1625963443202000,1,0.00000001,2111.5100
1625963445251000,1,0.19599999,2111.1800
1625963503638000,1,0.14800000,2112.7300
1625963508293000,1,0.13400000,2112.4000
1625963518033000,1,0.14499999,2112.4400
1625963518034000,1,0.00000001,2112.4400
1625963519161000,1,0.13199999,2112.1100
1625963521923000,1,0.00000001,2112.1100
1625963521923000,1,0.17999998,2111.7800
1625963521960000,1,0.00000002,2111.7800
1625963525600000,1,0.15200000,2111.4500
1625963535577000,1,0.13400000,2111.1200
1625963537775000,1,0.14899999,2110.7900
1625963716809000,0,6.70353068,2112.1400
1625963716828000,0,0.49646932,2112.1400
1625963783330000,0,1.20856823,2116.5000
1625963888429000,0,1.05300000,2113.6800
1625963898452000,0,1.05300000,2113.6900
1625963905600000,1,5.67500000,2112.4200
1625963905600000,1,1.61800000,2112.3500
1625963905600000,1,3.28600000,2112.3400
1625963905600000,1,7.68600000,2112.3300
1625963995577000,1,1.61200000,2112.9300
1625964015589000,1,1.59500000,2113.2000
1625964025580000,1,4.91800000,2112.7100
1625964028352000,1,0.45800000,2112.7100
1625964031445000,1,7.94217945,2112.3000
1625964085722000,0,2.92200000,2113.3100
1625964088393000,1,1.05300000,2113.3700
1625964095596000,1,2.36500000,2113.0900
1625964105581000,1,5.67200000,2113.3700
1625964105581000,1,1.23500000,2113.3600
1625964115778000,0,1.64000000,2113.4600
1625964115780000,0,0.00500000,2113.4600
1625964125581000,1,5.67400000,2113.3700
1625964125581000,1,1.13010820,2113.3600
1625964125581000,1,0.00039947,2113.0900
1625964125581000,1,0.18039295,2113.0100
1625964125581000,1,0.31909938,2113.0000
1625964175576000,1,0.15000000,2111.7000
1625964205597000,1,2.23500000,2112.2500
1625964265871000,0,0.14000000,2113.0900
1625964275519000,0,0.00100000,2113.0900
1625964295579000,1,0.16300000,2113.5100
1625964298796000,1,0.15500000,2113.1800
1625964323737000,1,0.13099999,2115.0300
1625964323742000,1,0.00000001,2115.0300
1625964325578000,1,0.15500000,2114.7000
1625964417389000,1,0.50000000,2117.8100
1625964417389000,1,2.18927453,2117.8000
1625964447909000,1,0.14500000,2118.6200
1625964448338000,1,0.17300000,2118.2900
1625964455265000,1,0.20500000,2117.9600
1625964455580000,1,0.20000000,2117.6300
1625964489037000,0,1.06137747,2119.7100
1625964489046000,0,1.18985026,2119.7100
1625964505582000,1,1.50000000,2121.3400
1625964506251000,1,1.50000000,2121.5100
1625964506663000,1,1.50000000,2121.5200
1625964507228000,1,0.28200000,2121.0300
1625964507324000,1,0.15699999,2120.6400
1625964507334000,1,0.00000001,2120.6400
1625964507765000,1,0.17800000,2120.3100
1625964508354000,1,0.19200000,2119.9800
1625964508354000,1,0.14200000,2119.6500
1625964535578000,1,5.65200000,2120.6400
1625964535578000,1,0.13300000,2120.6300
1625964555581000,1,0.16000000,2120.3000
1625964558350000,1,0.13800000,2119.9700
1625964565577000,1,0.10700000,2120.0900
1625964566509000,0,0.12000000,2119.8600
1625964568421000,0,0.12500000,2119.8400
1625964575599000,1,0.12500000,2119.7600
1625964589481000,0,0.00500000,2119.8600
1625964589481000,0,0.08499999,2119.8600
1625964673779000,1,2.71700000,2119.5200
1625964676033000,1,1.73700000,2119.5200
1625964688622000,0,0.99999999,2117.1900
1625964695588000,1,0.14661911,2116.8800
1625964695588000,1,0.02038089,2116.8400
1625964703637000,0,0.00000001,2117.1900
1625964703637000,0,0.02917938,2118.6700
1625964758170000,0,0.35398580,2120.0700
1625964758185000,0,0.17699290,2120.0700
1625964758204000,0,0.17703234,2120.0700
1625964763169000,0,0.35403463,2119.8900
1625964765716000,0,0.33596537,2119.8900
1625964765716000,0,1.14736585,2120.0700
1625964765789000,0,1.10180914,2120.0700
1625964765802000,0,0.84777272,2120.0700
1625964765852000,0,3.52604125,2120.0700
1625964785586000,1,0.03017959,2120.0900
1625964785586000,1,0.10900000,2119.8800
1625964785586000,1,5.64882041,2119.7800
1625964806837000,1,2.35769416,2119.8600
1625964806848000,1,0.50000000,2119.7900
1625964808905000,0,0.14000000,2119.8900
1625964809207000,0,0.14000000,2119.8900
1625964812126000,1,0.12100000,2119.7300
1625964815214000,1,0.12500000,2119.4000
1625964815606000,1,0.12400000,2119.0700
1625964831157000,0,0.01599999,2119.8900
1625964831161000,0,0.00000001,2119.8900
1625964875578000,1,0.17792612,2119.3700
1625964875578000,1,5.71707388,2119.1900
1625964878307000,1,0.56900000,2118.8600
1625964935584000,1,0.17703853,2118.4100
1625964935584000,1,0.17703853,2117.9700
1625964935584000,1,0.02981326,2117.9600
1625964935584000,1,7.94110968,2117.8900
1625964958372000,1,0.10100000,2119.1900
1625964989261000,1,0.16200000,2120.0300
1625964995605000,1,0.15100000,2119.7100
1625965045588000,1,2.35800000,2119.9300
1625965055579000,1,5.65700000,2119.9500
1625965055579000,1,0.13000000,2119.9100
1625965059602000,0,0.31000000,2120.0400
1625965059650000,0,0.00600000,2120.0400
1625965065578000,1,2.22807248,2119.9100
1625965065578000,1,7.65892752,2119.8600
1625965068786000,0,0.05000000,2120.1500
1625965068845000,0,0.05000000,2120.1500
1625965068872000,0,0.51846861,2120.1500
1625965069056000,0,0.31360000,2120.1500
1625965069321000,0,1.42593138,2120.1500
1625965069390000,0,0.00000001,2120.1500
1625965075673000,1,2.35830296,2119.6600
1625965133149000,1,2.35995388,2117.4900
1625965133211000,1,1.97351682,2117.3300
1625965165574000,1,7.67300000,2116.4900
1625965165574000,1,5.66400000,2116.4800
1625965165574000,1,0.51400000,2116.4800
1625965235577000,1,0.49500000,2118.9600
1625965243327000,1,2.00599739,2119.2300
1625965243334000,1,0.35276688,2119.2300
1625965243450000,1,2.26368269,2118.7800
1625965245575000,1,0.49500000,2118.6300
1625965248302000,1,0.41100000,2118.3000
1625965250802000,1,0.52000000,2117.9700
1625965252801000,1,0.50499999,2117.6400
1625965252906000,1,0.00000001,2117.6400
1625965253806000,1,0.48999999,2117.3100
1625965255589000,1,0.00000001,2117.3100
1625965255589000,1,0.50000000,2116.9800
1625965255589000,1,0.55000000,2116.6500
1625965255680000,0,1.50000000,2116.4700
1625965256609000,0,0.02499999,2116.4700
1625965277195000,1,2.36055728,2117.3900
1625965279238000,1,0.25400000,2116.7000
1625965279818000,1,0.29799999,2116.3700
1625965279819000,1,0.00000001,2116.3700
1625965280156000,1,0.23399999,2116.0400
1625965281261000,1,0.00000001,2116.0400
1625965281261000,1,0.24299999,2115.7100
1625965284227000,1,0.00000001,2115.7100
1625965284227000,1,0.32799998,2115.3800
1625965285579000,1,0.00000002,2115.3800
1625965285579000,1,0.32800000,2115.0500
1625965285579000,1,0.26699998,2114.7200
1625965288306000,1,0.00000002,2114.7200
1625965288306000,1,0.23700000,2114.3900
1625965288306000,1,0.48799998,2114.3600
1625965318429000,0,1.88500000,2114.2900
1625965328349000,1,0.10300000,2114.6300
1625965335574000,1,0.15000000,2114.3100
1625965335574000,1,0.10700000,2114.3000
1625965335574000,1,5.67000000,2114.3000
1625965335574000,1,7.67800000,2114.2700
1625965335574000,1,0.62000000,2114.1900
1625965355582000,1,0.18300000,2115.9100
1625965355582000,1,5.66800000,2115.7200
1625965368313000,1,0.15300000,2115.5800
1625965368647000,0,0.62000000,2115.5700
1625965375585000,1,7.54800000,2115.5400
1625965378371000,1,0.77200000,2115.5200
1625965385613000,1,0.10900000,2115.8100
1625965385613000,1,5.66600000,2115.7100
1625965415617000,1,6.38800000,2116.3200
1625965455573000,1,1.19300000,2112.4900
1625965485578000,1,2.36000000,2111.9400
1625965555902000,1,0.83582807,2111.5900
1625965555902000,1,1.17776571,2111.5900
1625965555918000,1,0.30540622,2111.5900
1625965571236000,1,1.14200000,2110.0600
1625965571748000,1,6.60977600,2110.0000
1625965571761000,1,15.94396777,2110.0000
1625965571765000,1,13.29649177,2110.0000
1625965571781000,1,6.30396000,2110.0000
1625965571785000,1,1.00799995,2110.0000
1625965571801000,1,0.88731042,2110.0000
1625965571802000,1,0.80818721,2110.0000
1625965571802000,1,1.16176996,2110.0000
1625965571807000,1,15.94396777,2110.0000
1625965571807000,1,7.03656915,2110.0000
1625965688478000,0,2.02400000,2112.9400
1625965705678000,0,7.91620961,2112.6800
1625965705739000,0,7.81079039,2112.6800
1625965708530000,0,0.91800000,2112.8000
1625965709956000,1,2.36641716,2112.5200
1625965709978000,1,3.54903142,2112.4700
1625965800556000,1,2.36742531,2111.3900
1625965800561000,1,0.00000001,2111.3900
1625965875578000,1,0.79900000,2111.1800
1625965895578000,1,1.57700000,2111.7900
1625965901786000,0,0.49800000,2112.2100
1625965905582000,1,0.84900000,2112.0900
1625965905582000,1,1.08100000,2111.7800
1625965915577000,1,1.28558905,2111.7800
1625965915577000,1,0.69300000,2111.7600
1625965915577000,1,0.00041095,2111.5400
1625965918373000,1,2.36658905,2111.7800
1625965918495000,0,0.00041095,2111.6700
1625965927804000,1,0.60900000,2111.9300
1625965928820000,1,0.49200000,2111.6000
1625965928893000,1,0.62100000,2111.2700
1625965935583000,1,0.58000000,2110.9400
1625965945882000,0,0.52700000,2110.7900
1625965981413000,0,3.52987968,2113.9400
1625965981416000,0,1.38207565,2113.9400
1625965981418000,0,1.14796896,2113.9400
1625965988841000,0,0.01200000,2115.1100
1625966018706000,0,3.29279141,2115.5400
1625966053112000,1,0.35899999,2114.5400
1625966053115000,1,0.00000001,2114.5400
1625966054504000,1,0.38199999,2114.2100
1625966054511000,1,0.00000001,2114.2100
1625966058134000,1,0.31299999,2113.8800
1625966065575000,1,0.00000001,2113.8800
1625966065575000,1,0.37400000,2113.5500
1625966065575000,1,0.34000000,2113.2200
1625966065575000,1,5.67299999,2113.2000
1625966069024000,0,0.31299999,2113.9400
1625966069026000,0,0.00000001,2113.9400
1625966085578000,1,0.23900000,2114.0800
1625966105579000,1,5.50600000,2114.7400
1625966135583000,1,5.66700000,2115.3000
1625966135583000,1,0.12200000,2115.2900
1625966138378000,1,0.78100000,2115.3100
1625966155659000,0,1.73600000,2114.6400
1625966169090000,0,0.28900000,2114.3900
1625966175575000,1,2.36416562,2114.3200
1625966175575000,1,7.65883438,2114.3200
1625966179113000,0,1.29000000,2114.6400
1625966185649000,0,3.34500000,2114.5400
1625966188311000,1,1.10600000,2114.5900
1625966205578000,1,1.66800000,2114.8300
1625966208349000,1,0.77200000,2114.5400
1625966215584000,1,1.40000000,2114.1400
1625966215584000,1,7.67900000,2114.1300
1625966215584000,1,0.61200000,2114.1200
1625966235645000,0,2.97500000,2114.2600
1625966248311000,1,0.13100000,2114.7500
1625966255581000,1,2.34600000,2114.7500
1625966275579000,1,0.14404748,2114.2500
1625966275974000,0,0.57000000,2114.2200
1625966295579000,1,2.97300000,2113.8200
1625966305602000,1,4.70800000,2113.8200
1625966305602000,1,0.98000000,2113.8100
1625966315610000,1,4.69100000,2113.8100
1625966315610000,1,1.75300000,2113.8000
1625966323347000,1,0.96031975,2112.9300
1625966323349000,1,1.40517626,2112.9300
1625966323476000,1,0.17869741,2112.7400
1625966325580000,1,7.59255494,2111.0000
1625966325580000,1,1.43244506,2110.9900
1625966327474000,0,1.39999999,2112.8700
1625966475576000,1,0.33600000,2115.0500
1625966475576000,1,2.01200000,2115.0300
1625966478369000,1,1.53500000,2115.0700
1625966515572000,1,2.47100000,2116.7600
1625966525582000,1,0.83900000,2116.8200
1625966528348000,1,0.61900000,2116.7600
1625966533457000,1,0.45699999,2116.8500
1625966535158000,1,0.00000001,2116.8500
1625966535158000,1,0.41699998,2116.5200
1625966535192000,1,0.00000002,2116.5200
1625966537513000,0,0.44899999,2116.2700
1625966537577000,0,0.00000001,2116.2700
1625966538357000,1,0.44900000,2116.1900
1625966545578000,1,0.38200000,2115.8600
1625966545578000,1,5.30800000,2115.6600
1625966568370000,1,0.20700000,2116.3700
1625966568370000,1,1.06900000,2116.2900
1625966577720000,0,2.01822418,2117.6000
1625966585581000,1,0.90400000,2117.1600
1625966596494000,1,0.17799999,2117.5300
1625966596496000,1,0.00000001,2117.5300
1625966598353000,1,0.19500000,2117.2000
1625966598353000,1,0.18900000,2116.8700
1625966598353000,1,0.39300000,2116.8600
1625966615727000,0,5.03500000,2117.4400
1625966635588000,1,2.36049767,2117.6000
1625966635588000,1,5.66200000,2117.5800
1625966635588000,1,1.00350233,2117.5800
1625966638555000,0,0.89265439,2118.9100
1625966638562000,0,1.28545673,2118.9100
1625966685658000,0,2.43615058,2115.8800
1625966685710000,0,1.74033972,2115.8800
1625966685765000,0,3.85150970,2115.8800
1625966688380000,1,0.40600000,2115.7400
1625966695577000,1,1.95654282,2115.7400
1625966695577000,1,5.66800000,2115.5300
1625966695577000,1,0.00045718,2115.3800
1625966699653000,0,0.30000000,2115.8800
1625966699654000,0,0.00100000,2115.8800
1625966736935000,0,0.64000000,2116.8600
1625966737752000,0,0.54000000,2116.8600
1625966738278000,0,0.52000000,2116.8600
1625966738929000,0,1.36000000,2116.8600
1625966739578000,0,0.45000000,2116.8600
1625966740442000,0,0.29000000,2116.8600
1625966743271000,0,1.20416632,2116.8600
1625966743306000,0,0.99428517,2116.8600
1625966743307000,0,0.74754851,2116.8600
1625966745587000,1,2.36059021,2117.2700
1625966745587000,1,0.00040979,2116.8600
1625966785593000,1,2.36122665,2116.9300
1625966785777000,0,0.66000000,2116.8300
1625966785837000,0,0.66000000,2116.8300
1625966795263000,0,0.91560733,2116.8300
1625966795436000,0,1.80416000,2116.8300
1625966795437000,0,0.00000602,2116.8300
1625966805656000,0,1.67931063,2117.2200
1625966805657000,0,1.37183990,2117.2200
1625966805709000,0,1.29544875,2117.2200
1625966805715000,0,2.74492023,2117.2200
1625966805779000,0,0.02848049,2117.2200
1625966808567000,1,1.19209925,2117.1200
1625966808588000,1,1.16876384,2117.1200
1625966808642000,0,0.19000000,2117.2500
1625966815586000,1,5.66600000,2116.4100
1625966815586000,1,2.27300000,2116.4000
1625966858329000,1,0.55000000,2116.3600
1625966865586000,1,5.66400000,2116.3700
1625966865586000,1,1.81169700,2116.3600
1625966865586000,1,0.00030300,2115.9100
1625966868553000,0,1.51759136,2116.5800
1625966868580000,0,0.38740864,2116.5800
1625966875572000,1,2.36169700,2116.3600
1625966875572000,1,0.00030300,2116.2100
1625966925573000,1,1.60500000,2117.5100
1625966928369000,1,0.65900000,2117.5100
1625966935575000,1,0.09657617,2117.5100
1625966935575000,1,0.00042383,2117.3400
1625966938370000,1,0.74800000,2117.5100
1625967023017000,1,0.44799999,2120.2500
1625967025579000,1,0.00000001,2120.2500
1625967025579000,1,0.45600000,2119.9200
1625967025579000,1,0.33800000,2119.5900
1625967025579000,1,4.71199999,2119.4100
1625967043372000,1,0.25400000,2119.7300
1625967044933000,1,0.22800000,2119.4000
1625967045851000,0,0.27299999,2119.3300
1625967048373000,1,0.27300000,2119.0700
1625967085577000,1,2.73000000,2119.0000
1625967088353000,1,0.17813959,2118.6400
1625967088353000,1,0.13500000,2118.6300
1625967088353000,1,0.30000000,2118.5300
1625967088418000,0,0.92986041,2118.5300
1625967103055000,1,0.14699999,2118.3000
1625967103306000,1,0.00000001,2118.3000
1625967103306000,1,0.13399999,2117.9700
1625967103313000,1,0.00000001,2117.9700
1625967105100000,1,0.20000000,2118.8300
1625967105459000,1,0.18300000,2118.5000
1625967105845000,1,0.20800000,2118.1700
1625967106115000,0,0.30000000,2118.7700
1625967106115000,0,0.04943923,2118.7800
1625967108100000,1,0.22699999,2117.8400
1625967108305000,1,0.00000001,2117.8400
1625967108305000,1,0.19400000,2117.5100
1625967108305000,1,1.36499999,2117.3100
1625967114424000,1,0.16499999,2117.1800
1625967114440000,1,0.00000001,2117.1800
1625967114545000,1,0.22500000,2116.8500
1625967118400000,0,0.20000000,2116.6100
1625967128653000,0,0.00700000,2116.6100
1625967128653000,0,0.03046136,2118.3500
1625967128656000,0,0.00000001,2118.3500
1625967245613000,1,4.22300000,2118.7600
1625967248661000,0,0.78000000,2119.0300
1625967248665000,0,0.00100000,2119.0300
1625967398331000,1,3.02400000,2121.2100
1625967402909000,0,0.50000000,2122.9200
1625967402909000,0,2.35644029,2122.9300
1625967436862000,1,0.88728014,2124.1100
1625967445748000,0,0.50700000,2122.9400
1625967505576000,1,0.94000000,2121.8900
1625967528318000,1,0.00001101,2121.8900
1625967528318000,1,1.49898899,2121.7800
1625967540664000,1,0.94928833,2121.8000
1625967555600000,1,0.95200000,2121.1900
1625967565582000,1,0.00001277,2121.1900
1625967565582000,1,3.68798723,2120.7300
1625967575579000,1,0.93611685,2121.5300
1625967575579000,1,1.23870013,2121.5200
1625967576391000,0,0.85005714,2121.1400
1625967578620000,0,1.80000000,2121.1400
1625967578691000,0,0.95312000,2121.1400
1625967589827000,1,2.35613477,2121.0000
1625967599290000,0,0.00000588,2121.1400
1625967613295000,0,0.88728014,2125.7600
1625967618352000,1,0.21800000,2125.0600
1625967618803000,1,0.19900000,2124.7300
1625967619226000,1,0.25500000,2124.4000
1625967619910000,1,0.18200000,2124.0700
1625967629029000,1,0.18799999,2123.7400
1625967629043000,1,0.00000001,2123.7400
1625967629423000,1,0.20999999,2123.4100
1625967629429000,1,0.00000001,2123.4100
1625967629570000,1,0.93573000,2123.2500
1625967629629000,1,0.00000530,2123.2500
1625967629797000,1,0.19200000,2123.0800
1625967630031000,1,0.23299999,2122.7500
1625967630045000,1,0.00000001,2122.7500
1625967646446000,1,7.15428779,2119.8800
1625967646446000,1,5.65600000,2119.8800
1625967646446000,1,6.08349556,2119.8700
1625967649584000,0,0.30000000,2122.1400
1625967683474000,1,0.11500000,2120.5500
1625967696123000,0,0.03020767,2118.6100
1625967696123000,0,0.30000000,2118.7000
1625967696184000,1,2.40000000,2118.8200
1625967696185000,1,1.76979233,2118.8200
1625967745577000,1,0.10500000,2117.6000
1625967755913000,0,0.10000000,2117.7300
1625967765592000,1,2.36000000,2117.6100
1625967779274000,1,0.00020427,2117.6100
1625967824895000,1,2.36216722,2115.8400
1625967854222000,1,0.00000001,2115.8400
1625967862162000,1,0.78900000,2114.5300
1625967862162000,1,0.17371351,2114.5300
1625967862162000,1,0.50000000,2114.5200
1625967862162000,1,0.02907428,2114.5000
1625968008422000,0,0.41100000,2118.7300
1625968018812000,0,0.19000000,2118.9700
1625968018830000,0,0.00300000,2118.9700
1625968021576000,1,0.19300000,2118.7200
1625968072340000,1,0.19600000,2119.2500
1625968072340000,1,1.30145402,2119.1200
1625968072347000,1,1.05717665,2119.1200
1625968072540000,1,0.21300000,2118.9200
1625968073293000,1,0.23400000,2118.5900
1625968075528000,1,0.24899999,2118.2600
1625968075531000,1,0.00000001,2118.2600
1625968075531000,1,0.20900000,2117.9300
1625968075533000,1,0.21500000,2117.6000
1625968081575000,1,0.20000000,2117.2700
1625968084556000,1,0.17300000,2116.9400
1625968248328000,1,1.20900000,2116.8800
1625968255338000,1,0.67400000,2116.6100
1625968255573000,1,0.60100000,2116.2800
1625968255573000,1,0.25500000,2115.9500
1625968315575000,1,0.31600000,2116.1700
1625968318352000,1,0.33900000,2116.2700
1625968405572000,1,7.41700000,2117.9400
1625968405572000,1,0.29700000,2117.9300
1625968425577000,1,3.49100000,2118.1000
1625968435577000,1,0.26300000,2118.3900
1625968435876000,0,0.75000000,2118.1300
1625968435925000,0,0.00600000,2118.1300
1625968442730000,1,1.50000000,2118.6600
1625968445574000,1,1.22800000,2118.4300
1625968449770000,1,0.27200000,2118.4300
1625968450366000,1,1.12500000,2118.2900
1625968450646000,1,0.30800000,2118.0600
1625968451178000,1,0.25700000,2117.7300
1625968451229000,1,0.28100000,2117.4000
1625968455578000,1,0.26800000,2117.0700
1625968455578000,1,0.21000000,2116.7400
1625968455578000,1,1.17700000,2116.5200
1625968465590000,1,0.13800000,2117.0000
1625968465590000,1,0.14200000,2116.6700
1625968465590000,1,2.71900000,2116.5500
1625968495581000,1,5.94900000,2116.0500
1625968495581000,1,1.80300000,2116.0400
1625968498332000,1,0.55900000,2116.0400
1625968515570000,1,0.00018419,2116.0400
1625968515570000,1,5.66781581,2115.7300
1625968562687000,1,0.17278462,2117.3200
1625968562687000,1,0.17278788,2117.2800
1625968562687000,1,2.30000000,2117.1700
1625968675578000,1,2.39400000,2116.3300
1625968714786000,1,0.17024066,2117.1400
1625968714815000,1,2.36078509,2117.1100
1625968714851000,1,4.26707076,2116.9400
1625968714853000,1,2.07889803,2116.9400
1625968714883000,1,1.32303121,2116.9400
1625968714883000,1,0.19043256,2116.9400
1625968714883000,1,1.93402273,2116.9400
1625968714989000,1,0.42557932,2116.8800
1625968714990000,1,3.54149144,2116.7400
1625968714997000,1,1.10658516,2116.4300
1625968714997000,1,4.72144364,2116.4200
1625968715167000,1,0.17023423,2116.9500
1625968715167000,1,0.63776577,2116.3200
1625968715172000,1,0.17023423,2116.3200
1625968715172000,1,0.94787983,2115.8800
1625968715587000,1,0.17023423,2116.3300
1625968715587000,1,0.93676577,2115.5100
1625968811731000,0,0.23550000,2118.6500
1625968835581000,1,0.31900000,2117.0900
1625968835581000,1,0.31900000,2116.7600
1625968838361000,1,0.31100000,2116.4300
1625968845587000,1,5.66400000,2116.1100
1625968845587000,1,0.29800000,2116.1000
1625968859184000,0,0.74000000,2116.4200
1625968945575000,1,0.14631830,2117.0700
1625968945575000,1,5.66200000,2117.0600
1625968945575000,1,2.36068170,2117.0500
1625968955581000,1,5.03500000,2117.4800
1625968970191000,0,7.81873035,2118.7100
1625968985578000,1,0.85400000,2118.1000
1625968988371000,1,0.14553215,2118.1100
1625968988371000,1,1.38946785,2118.1000
1625968995582000,1,2.35961432,2118.3000
1625968995582000,1,7.66400000,2118.3000
1625968995582000,1,0.00038568,2118.1100
1625968998354000,1,2.35961432,2118.3000
1625968998454000,0,0.07938568,2118.2700
1625969005579000,1,0.61200000,2118.1000
1625969008372000,1,1.92200000,2118.1000
1625969015593000,1,5.66000000,2118.3400
1625969015593000,1,0.22700000,2118.3300
1625969015593000,1,7.66500000,2118.0500
1625969015593000,1,0.14481107,2118.0400
1625969015593000,1,0.44918893,2118.0300
1625969018383000,0,3.22779647,2118.3400
1625969018507000,0,0.99300000,2118.3400
1625969019082000,0,0.00020353,2118.3400
1625969025580000,1,0.96000000,2118.4100
1625969029962000,0,0.67900000,2118.5400
1625969032746000,0,7.31139569,2119.8400
1625969035581000,1,4.70000000,2118.4100
1625969035581000,1,0.14406283,2118.4100
1625969035581000,1,2.21593717,2118.4000
1625969045579000,1,0.41700000,2118.6200
1625969054118000,1,1.80641000,2118.6200
1625969058349000,1,0.32500000,2118.5900
1625969058349000,1,1.42100000,2118.4100
1625969058462000,1,1.35809536,2118.3300
1625969058464000,1,1.00151319,2118.3300
1625969058469000,1,0.14334956,2118.2700
1625969058469000,1,0.31800000,2118.2600
1625969058473000,0,4.32700000,2118.6900
1625969058473000,0,0.46300000,2118.7200
1625969058489000,1,1.02541253,2118.0500
1625969058489000,1,1.49386751,2118.0500
1625969058519000,1,1.02025634,2118.0500
1625969058553000,1,3.85753638,2118.2800
1625969058584000,1,1.80246362,2118.2800
1625969058584000,1,0.36200000,2117.9300
1625969058584000,1,0.03349992,2117.8500
1625969060108000,1,0.26200000,2117.6000
1625969061577000,1,0.35300000,2117.2700
1625969065579000,1,0.00019260,2117.0500
1625969065579000,1,0.27200000,2116.9400
1625969065636000,0,1.40700000,2116.6900
1625969067560000,0,0.20300000,2116.6900
1625969067912000,0,0.28100000,2116.6900
1625969069487000,0,1.75000000,2116.6900
1625969070353000,0,0.24733453,2116.6900
1625969071091000,0,1.77347000,2116.6900
1625969098472000,0,0.30200000,2116.5700
1625969098472000,0,1.05300000,2116.5800
1625969115577000,1,3.19400000,2116.1200
1625969117534000,1,0.15700000,2116.0400
1625969118981000,1,0.16900000,2115.7100
1625969125583000,1,0.15600000,2115.3800
1625969128370000,1,0.13500000,2115.0500
1625969138351000,1,0.16000000,2114.9900
1625969141316000,0,0.16000000,2115.1600
1625969165664000,0,2.59000000,2116.0900
1625969188412000,0,2.63200000,2116.8700
1625969195586000,1,0.12200000,2116.9700
1625969195586000,1,0.14255046,2116.8100
1625969206167000,0,0.00044954,2116.7500
1625969228360000,1,0.23600000,2117.0300
1625969240623000,0,0.03301006,2116.9000
1625969240651000,0,0.11307651,2116.9000
1625969245579000,1,0.20700000,2116.7000
1625969245579000,1,0.14186353,2116.6400
1625969245579000,1,2.36113647,2116.6300
1625969248702000,0,0.05085489,2116.8600
1625969249081000,0,2.31114510,2116.8600
1625969251676000,0,0.00000001,2116.8600
1625969251676000,0,0.69191343,2116.9000
1625969251676000,0,1.41799998,2116.9800
1625969257673000,0,2.36146701,2116.6900
1625969258554000,0,0.14153299,2116.6900
1625969258554000,0,0.14100000,2116.8500
1625969258554000,0,0.00000002,2116.9800
1625969265580000,1,0.12000000,2116.6400
1625969305595000,1,5.66300000,2116.8600
1625969305595000,1,2.36100000,2116.8500
1625969325578000,1,0.00025202,2116.8500
1625969325578000,1,2.36125202,2116.8500
1625969325578000,1,0.00049596,2116.6400
1625969328394000,1,2.12300000,2116.8500
1625969334423000,1,0.14004816,2116.6400
1625969334423000,1,0.00030105,2116.6300
1625969334423000,1,0.67309917,2116.6100
1625969334567000,1,0.35132049,2116.3100
1625969385958000,1,0.13748120,2115.2300
1625969428381000,1,5.15800000,2115.2200
1625969445571000,1,7.67500000,2114.9700
1625969585774000,0,1.53925860,2118.8600
1625969585860000,0,0.80199376,2118.8600
1625969585877000,0,0.85248904,2118.8600
1625969585980000,0,0.82159195,2118.8600
1625969588152000,1,0.10400000,2118.7500
1625969588152000,1,2.35946725,2118.6300
1625969588241000,1,0.13678374,2118.4300
1625969588241000,1,0.11200000,2118.4200
1625969588241000,1,2.33713648,2118.3800
1625969588353000,1,0.11800000,2118.0900
1625969588353000,1,0.34194323,2117.9500
1625969588392000,0,0.00905677,2117.9500
1625969589458000,1,0.12900000,2117.7600
1625969595598000,1,0.12500000,2117.4300
1625969605577000,1,0.11300000,2117.1000
1625969605577000,1,5.66300000,2116.8100
1625969605577000,1,0.12300000,2116.7700
1625969625577000,1,2.28700000,2116.3400
1625969648314000,1,0.12700000,2116.1300
1625969658382000,1,0.16600000,2115.8000
1625969665617000,1,0.18300000,2115.4700
1625969665617000,1,0.17700000,2115.1400
1625969665617000,1,0.88919042,2115.0500
1625969665617000,1,2.36329194,2115.0400
1625969665617000,1,7.67451764,2115.0200
1625969675585000,1,0.13800000,2115.1300
1625969675585000,1,0.55400000,2115.0200
1625969705584000,1,0.15300000,2114.8000
1625969708373000,1,0.15200000,2114.4000
1625969709279000,1,0.64700000,2115.0100
1625969709406000,1,0.56900000,2114.6800
1625969715599000,1,0.25100000,2114.3500
1625969718293000,1,0.23400000,2114.3500
1625969718293000,1,0.48500000,2114.0200
1625969718381000,0,1.97700000,2114.0200
1625969725018000,1,0.47900000,2113.6900
1625969725571000,1,0.71300000,2113.3600
1625969725571000,1,0.56900000,2113.0300
1625969725571000,1,0.53900000,2112.7000
1625969725571000,1,0.13400000,2112.5300
1625969735600000,1,5.67600000,2112.2500
1625969735600000,1,0.50000000,2112.2400
1625969738370000,1,0.13407038,2111.9100
1625969738370000,1,0.55392962,2111.9000
1625969765583000,1,5.03300000,2110.9200
1625969777166000,0,0.02981058,2110.0600
1625969777166000,0,0.02758742,2110.5700
1625969778424000,0,0.21714400,2110.0300
1625969785569000,1,0.03012889,2109.6300
1625969785569000,1,5.68287111,2109.5400
1625969801345000,0,0.02000000,2110.2100
1625969845592000,1,2.37090525,2108.1700
1625969845592000,1,2.27009475,2108.0800
1625969865571000,1,2.37066196,2108.5000
1625969865571000,1,0.00033804,2108.4400
1625969876049000,0,0.03000000,2108.8400
1625969895619000,1,2.37000000,2108.6300
1625969944301000,1,0.12528851,2109.9200
1625969944307000,1,0.99764660,2109.9100
1625969944324000,1,0.80256978,2109.9100
1625969944337000,1,0.56860621,2109.9100
1625969944372000,1,1.96420930,2109.6700
1625969944378000,1,1.58899554,2109.6700
1625969944411000,1,1.59153806,2109.6800
1625969944414000,1,1.93282834,2109.6800
1625969944430000,1,2.15763360,2109.6800
1625969944462000,1,0.31322128,2109.5400
1625969944650000,1,0.81438956,2109.0700
1625969945597000,1,0.00045374,2108.6300
1625969945597000,1,0.25054626,2107.9100
1625969985587000,1,2.37100000,2107.5400
1625970025573000,1,0.00028817,2107.5400
1625970025573000,1,2.37148816,2107.4900
1625970025573000,1,0.00022367,2107.0500
1625970045602000,1,0.11631040,2108.2200
1625970045602000,1,0.10968960,2108.2100
1625970105306000,1,0.17299999,2108.0600
1625970105578000,1,0.00000001,2108.0600
1625970105578000,1,0.16900000,2107.7300
1625970119610000,0,0.00399999,2107.7000
1625970135813000,1,0.17100000,2108.2100
1625970138351000,1,0.15800000,2107.8800
1625970140903000,0,0.11599999,2108.3900
1625970166764000,1,0.21400000,2107.4800
1625970166764000,1,0.85581180,2107.3800
1625970166771000,1,1.16745839,2107.3800
1625970166899000,1,0.11634131,2107.2300
1625970166899000,1,0.24300000,2107.1500
1625970166899000,1,0.29085327,2107.0500
1625970166922000,1,0.50000000,2106.8400
1625970167533000,1,0.11633972,2106.8300
1625970167533000,1,0.14766028,2106.8300
1625970167605000,1,0.26400000,2106.8200
1625970168073000,1,0.21100000,2106.4900
1625970168277000,1,0.28100000,2106.1600
1625970168312000,1,0.11633972,2105.8600
1625970168512000,0,0.12166028,2105.7500
1625970168571000,1,0.07733972,2105.8300
1625970170690000,1,0.20400000,2105.5000
1625970204607000,1,0.11132000,2105.2100
1625970210222000,1,0.11086493,2103.7900
1625970224262000,1,0.11038734,2102.3200
1625970224262000,1,0.27593950,2102.1300
1625970235773000,0,0.30000000,2103.4600
1625970235773000,0,0.11642859,2103.4700
1625970235773000,0,0.50000000,2103.4700
1625970277590000,1,3.56434402,2103.0500
1625970277640000,1,1.80068615,2103.0700
1625970277641000,1,0.92610137,2103.0700
1625970277641000,1,0.83755650,2103.0700
1625970277644000,1,4.15565598,2103.0700
1625970277648000,1,0.11046254,2102.8800
1625970277768000,1,0.27615634,2102.5100
1625970277927000,1,0.11046254,2102.5800
1625970277927000,1,0.71801795,2101.9100
1625970278452000,0,2.59999999,2102.5800
1625970289069000,1,0.10256217,2100.6300
1625970313510000,1,0.02123296,2100.0000
1625970313621000,1,0.00000001,2100.0000
1625970318679000,0,0.29999999,2099.5500
1625970318699000,0,0.00000001,2099.5500
1625970323088000,1,0.38506713,2099.7900
1625970405579000,1,2.37894147,2101.1300
1625970405579000,1,0.00005853,2100.9300
1625970445572000,1,2.37886254,2101.5100
1625970445572000,1,1.29313746,2101.4300
1625970448462000,0,1.04900000,2101.5400
1625970455674000,0,2.37900000,2101.5700
1625970458355000,1,0.37000000,2101.6400
1625970465653000,0,2.00900000,2101.8000
1625970466646000,0,1.29811846,2103.1500
1625970466665000,0,0.85618002,2103.1500
1625970466758000,0,3.82804461,2103.1500
1625970467121000,0,1.75810730,2103.1500
1625970468294000,1,0.03000000,2102.5900
1625970496491000,0,2.37745631,2103.9000
1625970496491000,0,2.16895993,2104.2300
1625970614758000,0,0.99711603,2105.1300
1625970667495000,1,1.72711351,2102.3500
1625970667649000,1,1.35788000,2102.3500
1625970669599000,1,0.00000649,2102.3500
1625970669599000,1,0.11075160,2101.3900
1625970669687000,1,0.00000650,2101.3900
1625970715211000,0,0.90134446,2101.5200
1625970715224000,0,0.94479828,2101.5200
1625970715229000,0,0.53409444,2101.5200
1625970715229000,0,0.96956955,2101.5300
1625970715231000,0,1.18879459,2101.5300
1625970772753000,1,0.10904610,2102.9100
1625970772753000,1,0.14999999,2102.9000
1625970772757000,1,0.00000001,2102.9000
1625970783711000,1,0.12099999,2102.5700
1625970783742000,1,0.00000001,2102.5700
1625970783756000,1,0.10854349,2102.2500
1625970783756000,1,0.12800000,2102.2400
1625970876924000,1,0.10796309,2103.2200
1625970876924000,1,0.20899999,2103.2100
1625970876927000,1,0.00000001,2103.2100
1625970877008000,1,0.23500000,2102.8800
1625970877082000,1,0.10798157,2102.8900
1625970878315000,1,0.20600000,2102.5500
1625970882905000,1,0.20199999,2102.2200
1625970882920000,1,0.00000001,2102.2200
1625970885001000,1,0.25299999,2101.8900
1625970885003000,1,0.00000001,2101.8900
1625970888362000,1,0.15200000,2101.8300
1625970901700000,1,0.18899999,2101.5000
1625970901749000,1,0.00000001,2101.5000
1625970914238000,0,0.19399999,2101.3500
1625970930609000,0,0.00000001,2101.3500
1625971087215000,0,6.30000000,2106.5400
1625971124691000,1,0.10700000,2106.3700
1625971124691000,1,2.37343622,2106.0600
1625971124696000,1,0.15100000,2106.0400
1625971124700000,1,0.13425601,2105.9200
1625971124807000,1,4.96750087,2105.5600
1625971124809000,1,1.01661197,2105.5600
1625971124810000,1,1.06192058,2105.5600
1625971124811000,1,1.45837093,2105.5600
1625971124816000,1,1.36223077,2105.5600
1625971124958000,1,0.14400000,2105.7100
1625971125037000,1,0.13425601,2105.7700
1625971125593000,1,0.13200000,2105.3800
1625971125593000,1,1.21100000,2104.7200
1625971128371000,1,0.11100000,2105.0500
1625971130832000,1,0.13900000,2104.7200
1625971135484000,0,0.94100000,2104.8700
1625971135579000,1,0.11500000,2104.3900
1625971221638000,1,0.85899999,2104.7900
1625971221640000,1,0.00000001,2104.7900
1625971226847000,0,0.77600000,2104.6000
1625971238376000,1,0.77600000,2104.4600
1625971240117000,0,0.77600000,2104.7200
1625971240117000,0,0.77599999,2104.8200
1625971274123000,1,0.69199999,2103.9900
1625971274130000,1,0.00000001,2103.9900
1625971274722000,1,0.50799999,2103.6600
1625971274728000,1,0.00000001,2103.6600
1625971275990000,0,1.41600000,2103.5500
1625971277909000,1,0.81300000,2104.1900
1625971278714000,1,0.92999999,2103.8600
1625971285595000,1,0.00000001,2103.8600
1625971285595000,1,0.68800000,2103.5300
1625971285595000,1,0.74999999,2103.2000
1625971298374000,1,0.01276800,2103.2100
1625971298374000,1,0.00000001,2103.2000
1625971305582000,1,0.81300000,2102.8700
1625971315928000,0,0.81323199,2102.9400
1625971325691000,0,1.50000000,2103.5700
1625971328503000,0,1.29290420,2103.6900
1625971330935000,0,0.20000000,2103.6900
1625971335581000,1,1.50000000,2103.5600
1625971335581000,1,0.78000000,2103.3800
1625971349426000,1,0.12622370,2103.4500
1625971355601000,1,1.50000000,2103.4400
1625971355601000,1,1.02400000,2103.3400
1625971375593000,1,5.70000000,2103.1700
1625971384725000,1,2.37654000,2103.1300
1625971385739000,0,1.27967112,2102.8700
1625971385795000,0,0.92717928,2102.8700
1625971385802000,0,0.92105771,2102.8700
1625971385838000,0,1.44605943,2102.8700
1625971385867000,0,0.17803246,2102.8700
1625971402779000,1,2.37731918,2102.6200
1625971475583000,1,2.37609908,2103.7400
1625971475583000,1,0.15413660,2103.5600
1625971475583000,1,5.69800000,2103.5500
1625971475583000,1,4.84176432,2103.5500
1625971476532000,1,2.37609908,2103.7400
1625971476640000,1,1.00080603,2103.3400
1625971476642000,1,6.71619397,2103.3400
1625971525579000,1,1.39000000,2101.8400
1625971525579000,1,0.15084311,2101.4400
1625971525579000,1,2.37815689,2101.4200
1625971595585000,1,1.34500000,2104.4900
1625971598475000,0,1.03000000,2104.8100
1625971605575000,1,1.03000000,2104.4900
1625971608456000,0,1.66700000,2104.5100
1625971615580000,1,0.00033462,2104.4900
1625971615580000,1,2.37533462,2104.4900
1625971615580000,1,1.32133076,2104.3200
1625971618465000,0,1.19995744,2104.6000
1625971620666000,0,0.07804256,2104.6000
1625971660992000,1,0.86352786,2104.9300
1625971665591000,1,5.69600000,2104.4400
1625971665591000,1,2.26600000,2104.4300
1625971675607000,1,0.10932281,2104.4300
1625971675607000,1,0.95267719,2104.3700
1625971701444000,1,2.37545927,2104.1500
1625971701529000,1,0.14990671,2104.0000
1625971815581000,1,2.37500000,2104.5500
1625971957154000,1,0.98700000,2104.7800
1625971957275000,1,1.15400000,2104.4500
1625972008792000,1,0.12174494,2104.1500
1625972008792000,1,1.06300000,2104.0100
1625972008809000,1,0.87549595,2103.7800
1625972008809000,1,0.95867179,2103.7800
1625972008809000,1,0.54207527,2103.7800
1625972008828000,1,0.96126051,2103.6800
1625972008828000,1,0.09173949,2103.6800
1625972008828000,1,0.81525980,2103.6400
1625972008828000,1,1.01825943,2103.6400
1625972008922000,1,0.84597528,2103.3500
1625972008938000,1,0.89373789,2103.5500
1625972008948000,1,1.20056800,2103.5500
1625972008951000,1,0.28209344,2103.5500
1625972008951000,1,0.18802472,2103.3500
1625972008953000,1,0.50000000,2103.1400
1625972009446000,1,0.46469091,2103.0200
1625972009564000,1,0.32230909,2103.0200
1625972010181000,1,1.06300000,2102.6900
1625972014432000,1,1.03400000,2102.3600
1625972135887000,1,0.29000000,2103.9100
1625972135988000,1,0.29499999,2103.5800
1625972135996000,1,0.00000001,2103.5800
1625972136241000,1,0.26700000,2103.2500
1625972136547000,1,0.30100000,2102.9200
1625972137212000,1,0.32900000,2102.5900
1625972151614000,1,0.23900000,2102.2600
1625972151788000,1,0.24199999,2101.9300
1625972151788000,1,0.00000001,2101.9300
1625972152122000,1,0.24200000,2101.6000
1625972185881000,0,1.50000000,2098.7300
1625972186175000,0,6.05000000,2098.7300
1625972298376000,1,0.13166674,2095.7800
1625972298376000,1,2.04933326,2095.7700
1625972381288000,1,0.76768942,2096.6300
1625972381294000,1,0.80008399,2096.6300
1625972381298000,1,0.81618478,2096.6300
1625972401849000,1,0.99915477,2095.5400
1625972401849000,1,1.21631537,2095.5400
1625972436040000,0,0.29999999,2100.1600
1625972445580000,1,0.56400000,2099.1000
1625972446202000,0,0.69900000,2099.1000
1625972487670000,0,0.89590218,2102.0000
1625972518466000,1,0.16200000,2100.9200
1625972529832000,1,0.41900000,2100.9200
1625972529993000,1,0.55400000,2100.5900
1625972531310000,1,0.73699999,2100.2600
1625972531311000,1,0.00000001,2100.2600
1625972540676000,1,0.65199999,2099.9300
1625972540679000,1,0.00000001,2099.9300
1625972542005000,0,0.65199999,2100.0500
1625972542008000,0,0.00000001,2100.0500
1625972581914000,0,0.45999999,2100.1700
1625972581946000,0,0.00000001,2100.1700
1625972582262000,0,0.78759136,2101.5300
1625972582269000,0,0.85116558,2101.5300
1625972582780000,0,13.30504548,2101.0400
1625972582794000,0,0.80595800,2101.0400
1625972582814000,0,0.82266402,2101.0400
1625972582822000,0,0.06633250,2101.0400
1625972595575000,1,0.46000000,2099.8700
1625972595575000,1,0.86800000,2099.8200
1625972615600000,1,0.37900000,2100.0500
1625972616127000,1,0.36600000,2099.7200
1625972616127000,1,0.12689959,2099.4000
1625972616127000,1,0.33300000,2099.3900
1625972616133000,1,0.03078900,2099.2500
1625972616212000,1,1.01409177,2099.1200
1625972616224000,1,4.69390823,2099.1200
1625972616224000,1,0.43356110,2099.1100
1625972616301000,1,0.38900000,2099.0600
1625972616372000,1,0.96355244,2099.7300
1625972616372000,1,0.37138188,2098.9700
1625972616394000,1,0.86356642,2098.9700
1625972616398000,1,1.05389190,2098.9700
1625972616428000,1,1.55640217,2098.9700
1625972616432000,1,1.27974879,2098.9700
1625972616440000,1,0.89481389,2098.9700
1625972616480000,1,1.71219495,2098.9700
1625972616649000,1,0.12689959,2098.8300
1625972616649000,1,0.32300000,2098.7300
1625972616649000,1,0.81330923,2098.6800
1625972617018000,1,0.38600000,2098.4000
1625972617837000,1,0.36300000,2098.0700
1625972621083000,1,0.10100000,2097.7400
1625972621090000,1,0.12290607,2097.1400
1625972621090000,1,0.89590217,2097.1300
1625972621090000,1,0.03037723,2096.8200
1625972628082000,0,0.29999999,2098.1000
1625972628130000,0,0.00000001,2098.1000
1625972652451000,0,0.02000000,2099.4600
1625972865586000,1,0.11036712,2095.0600
1625972865586000,1,0.11036502,2094.6900
1625972865695000,0,2.27526786,2094.3400
1625972930900000,1,0.10936957,2093.1800
1625972930906000,1,0.00000001,2093.1800
1625972930916000,1,0.27342394,2092.7300
1625972930999000,1,0.10936958,2092.5300
1625973036595000,0,1.97144541,2094.8700
1625973036595000,0,0.95363316,2094.8700
1625973058378000,1,0.77300000,2093.9500
1625973068329000,1,0.77200000,2093.6300
1625973068822000,1,4.30520665,2093.6300
1625973068834000,1,2.68131638,2093.6300
1625973126346000,0,0.13200000,2093.2200
1625973133162000,1,0.13199999,2093.0700
1625973135576000,1,0.00000001,2093.0700
1625973135576000,1,0.14199999,2092.7400
1625973145599000,1,0.00000001,2092.7400
1625973145599000,1,0.14999999,2092.4100
1625973151484000,1,0.12199999,2092.6200
1625973152514000,1,0.00000001,2092.6200
1625973152514000,1,0.14599998,2092.2900
1625973172336000,1,0.00000002,2092.2900
1625973172336000,1,0.13299997,2091.9600
1625973172352000,1,0.00000003,2091.9600
1625973172555000,1,0.11329539,2091.6400
1625973172555000,1,0.14299999,2091.6300
1625973172555000,1,0.00000001,2091.6300
1625973172673000,1,0.14300000,2091.3000
1625973178681000,1,0.11227029,2090.7200
1625973207131000,1,0.90568000,2093.4100
1625973207197000,1,0.00000145,2093.4100
1625973225576000,1,0.11162061,2092.3000
1625973225576000,1,1.86350000,2092.0900
1625973225576000,1,0.27898756,2092.0000
1625973225576000,1,1.53889183,2091.9900
1625973282669000,1,0.10956822,2094.3400
1625973283286000,1,0.10956299,2093.7100
1625973283286000,1,0.27389701,2093.7100
1625973351978000,1,0.10503398,2092.4100
1625973363836000,1,0.11899999,2092.6900
1625973363836000,1,0.00000001,2092.6900
1625973364998000,1,0.11299999,2092.3600
1625973365089000,1,0.00000001,2092.3600
1625973398137000,0,0.13199999,2092.4000
1625973399652000,1,0.13200000,2092.3000
1625973411393000,1,0.13800000,2091.9700
1625973421509000,0,0.00000001,2092.4000
1625973421509000,0,0.13199999,2092.4000
1625973421550000,0,0.00000001,2092.4000
1625973443019000,0,2.39000147,2093.0900
1625973465584000,1,2.38844058,2092.7300
1625973465584000,1,0.10346657,2092.7100
1625973465584000,1,0.23900000,2092.7000
1625973465584000,1,0.00009285,2092.5100
1625973495665000,0,1.60100000,2093.4800
1625973505587000,1,2.38800000,2093.2400
1625973506373000,1,0.00027915,2093.2400
1625973506373000,1,0.10293174,2093.0300
1625973506373000,1,0.19099999,2092.9700
1625973506388000,1,0.00000001,2092.9700
1625973506495000,1,2.08095330,2092.7300
1625973506517000,1,1.86732163,2092.7300
1625973506518000,1,0.80797570,2092.7300
1625973506522000,1,0.94862333,2092.7300
1625973506594000,1,2.05112604,2092.7300
1625973507203000,1,0.15300000,2092.6400
1625973507981000,1,0.14500000,2092.3100
1625973533603000,1,1.11195000,2093.2100
1625973540429000,0,2.38905858,2093.5200
1625973572805000,0,7.69998066,2094.1800
1625973572815000,0,0.29244949,2094.1800
1625973572815000,0,0.84919453,2094.2000
1625973572922000,0,0.09484137,2094.2000
1625973572922000,0,2.38823201,2094.5400
1625973573016000,0,0.94445106,2094.5500
1625973606105000,1,0.16900000,2094.1400
1625973619194000,0,0.17900000,2093.9400
1625973619194000,0,0.36299999,2093.9700
1625973626407000,0,0.00000001,2093.9700
1625973635589000,1,0.32600000,2094.3400
1625973650750000,0,0.36699999,2094.3900
1625973650752000,0,0.00000001,2094.3900
1625973665589000,1,0.74000000,2094.5200
1625973696703000,0,0.60099999,2094.3200
1625973705583000,1,0.60100000,2094.2800
1625973708314000,1,0.74200000,2093.9500
1625973711586000,0,0.60099999,2094.0200
1625973711591000,0,0.60099999,2094.0200
1625973711784000,0,0.53400000,2094.0200
1625973718065000,0,0.00000002,2094.0200
1625973718065000,0,0.00000001,2094.3200
1625973718065000,0,0.60099996,2094.3800
1625973720639000,1,1.93735770,2093.6700
1625973749448000,0,2.38799341,2094.7700
1625973749510000,1,5.11200000,2094.9800
1625973749516000,1,0.00000659,2094.9800
1625973755574000,1,0.38000000,2093.5200
1625973765574000,1,0.21400000,2093.5200
1625973775578000,1,0.79200000,2093.1900
1625973803303000,0,0.74500000,2092.9300
1625973835579000,1,0.10400000,2093.7800
1625973842388000,0,1.00978560,2095.0800
1625973842402000,0,1.37780744,2095.0800
1625973842434000,0,2.62321056,2095.1900
1625973842450000,0,0.95817924,2095.1900
1625973842535000,0,2.38732910,2095.3800
1625973842554000,0,1.93860000,2095.5300
1625973875596000,1,0.97600000,2095.7600
1625973877077000,0,0.04744624,2097.1100
1625973878409000,0,1.95200000,2095.6100
1625973885434000,0,7.50000000,2097.2200
1625973888312000,1,1.63500000,2096.0200
1625973898345000,1,0.75000000,2096.0200
1625973899334000,0,0.78099999,2096.1400
1625973905584000,1,0.00034995,2096.0200
1625973905584000,1,0.74065005,2095.7200
1625973909074000,1,1.64450823,2095.7200
1625973909084000,1,0.00034995,2095.7200
1625973909084000,1,0.14200000,2095.5600
1625973925585000,1,0.10100000,2095.2300
1625973934643000,1,0.20300000,2094.6600
1625973934643000,1,2.38650405,2094.5300
1625973934728000,1,0.30000000,2094.4400
1625973935578000,1,0.18500000,2094.3300
1625973941168000,0,0.88000000,2094.0500
1625973955579000,1,0.19900000,2094.0000
1625973955579000,1,0.16400000,2093.6700
1625973955579000,1,1.17400000,2093.5600
1625973977048000,1,1.13319413,2093.3700
1625973978339000,1,0.15300000,2093.3100
1625973978339000,1,0.18300000,2092.9800
1625973985583000,1,5.42300000,2092.8400
1625973985583000,1,1.37000000,2092.8300
1625974025574000,1,1.41700000,2093.7200
1625974028372000,1,0.21000000,2094.2300
1625974033874000,1,0.19400000,2093.9000
1625974035581000,1,0.16500000,2093.5700
1625974048369000,1,0.19900000,2093.2400
1625974048796000,0,0.19899999,2093.3400
1625974048803000,0,0.00000001,2093.3400
1625974055682000,0,2.10800000,2092.4100
1625974078453000,0,1.05300000,2091.9400
1625974078734000,1,2.87843581,2091.7000
1625974098302000,1,0.10700000,2091.5400
1625974115325000,1,0.09818612,2090.3400
1625974116241000,1,0.23354757,2089.8700
1625974116257000,1,0.89796335,2089.5000
1625974116258000,1,0.09818612,2089.3300
1625974116357000,1,0.88960495,2089.2900
1625974116357000,1,0.50000000,2089.1300
1625974116668000,1,0.07500000,2089.3500
1625974130242000,1,0.11667766,2088.3700
1625974130242000,1,0.00000001,2088.3700
1625974130242000,1,0.89796335,2087.8200
1625974191329000,1,1.49999999,2092.1000
1625974193522000,1,1.49798972,2092.2100
1625974193523000,1,0.00201028,2092.2100
1625974194234000,1,1.06600000,2092.4100
1625974234889000,0,4.26011582,2094.4900
1625974273011000,1,0.13544517,2094.7400
1625974303669000,1,0.40799999,2094.9200
1625974303949000,1,0.00000001,2094.9200
1625974317693000,1,0.50999999,2094.5900
1625974317712000,1,0.00000001,2094.5900
1625974351807000,1,0.28800000,2094.3200
1625974352146000,1,0.28100000,2093.9900
1625974356959000,1,0.27700000,2093.6600
1625974357195000,1,0.32200000,2093.3300
1625974386700000,1,0.17999999,2093.0900
1625974386700000,1,0.00000001,2093.0900
1625974390158000,1,0.24500000,2092.7600
1625974476052000,1,0.19999999,2093.0200
1625974476084000,1,0.00000001,2093.0200
1625974528898000,1,0.15800000,2093.3000
1625974528898000,1,0.21900000,2092.9700
1625974528898000,1,0.60681110,2092.7300
1625974528902000,1,1.11983196,2092.7300
1625974528904000,1,0.66179152,2092.7300
1625974528908000,1,0.09254133,2092.7200
1625974528908000,1,0.95595560,2092.7100
1625974528918000,1,1.26503433,2092.7100
1625974528923000,1,0.81771363,2092.7100
1625974535735000,1,0.14700000,2092.6400
1625974538064000,1,0.17700000,2092.6500
1625974538163000,1,0.13600000,2092.3200
1625974544567000,1,0.00000001,2092.1000
1625974544567000,1,0.19699999,2091.9900
1625974548334000,1,0.00000001,2091.9900
1625974548334000,1,0.19699999,2091.6600
1625974555574000,1,0.00000001,2091.6600
1625974565571000,1,0.19200000,2091.3300
1625974565571000,1,2.39097179,2091.2200
1625974565571000,1,0.00002821,2091.0000
1625974568370000,1,2.39097179,2091.2200
1625974568370000,1,0.00002821,2090.9700
1625974575825000,0,0.19200000,2091.3500
1625974585589000,1,2.39089977,2091.3400
1625974585589000,1,0.12900000,2091.3300
1625974585675000,0,3.58610023,2091.1200
1625974595611000,1,2.39109966,2091.0100
1625974595611000,1,2.86690034,2090.9700
1625974604225000,0,2.37900000,2091.1700
1625974605614000,1,2.39100000,2090.7500
1625974616966000,0,0.08830022,2091.9000
1625974625584000,1,0.00031727,2090.7500
1625974625584000,1,2.39158170,2090.4300
1625974625584000,1,0.00010103,2090.2800
1625974628326000,1,0.13700000,2090.8100
1625974628326000,1,0.08800000,2090.8000
1625974646431000,0,0.89845869,2093.8200
1625974646431000,0,3.32369346,2093.9300
1625974670191000,0,0.24900000,2092.3800
1625974688315000,1,0.27000000,2092.9400
1625974688691000,1,0.29000000,2092.6100
1625974695585000,1,0.25000000,2092.2800
1625974695585000,1,0.87700000,2092.1800
1625974695585000,1,0.26500000,2091.9500
1625974695585000,1,0.29300000,2091.6200
1625974695585000,1,0.08773019,2091.5800
1625974695585000,1,5.12226981,2091.5600
1625974756392000,0,0.11000000,2093.2300
1625974757105000,0,0.07200000,2093.2300
1625974765569000,1,0.84600000,2093.7000
1625974765569000,1,2.38801908,2093.6900
1625974765569000,1,3.58198092,2093.5800
1625974778457000,0,2.12000000,2093.8700
1625974785278000,0,2.38800000,2093.9900
1625974795003000,1,2.38744000,2093.9800
1625974815577000,1,0.00001133,2093.5800
1625974840091000,0,0.92798867,2092.3200
1625974855570000,1,0.29000000,2091.3600
1625974875359000,0,0.03000000,2093.1600
1625974879105000,1,0.30300000,2091.7400
1625974885583000,1,0.31700000,2091.4100
1625974885583000,1,0.19100000,2091.0800
1625974898705000,0,0.30299999,2091.9900
1625974898707000,0,0.00000001,2091.9900
1625974922567000,1,1.56931377,2091.0500
1625974925590000,1,0.25300000,2091.0200
1625974925590000,1,0.19500000,2090.6900
1625974935576000,1,0.22700000,2090.8300
1625974945612000,1,0.16500000,2090.5000
1625974951978000,0,1.06865109,2090.2200
1625974952060000,0,0.39134000,2090.2200
1625974952062000,0,0.00000891,2090.2200
1625974975576000,1,0.18600000,2090.6800
1625974992199000,1,0.12400000,2090.8200
1625975005581000,1,0.18400000,2090.4900
1625975005581000,1,0.14500000,2090.1600
1625975015599000,1,0.18400000,2089.8300
1625975052613000,1,0.10300000,2090.0400
1625975052646000,1,1.24924877,2089.5400
1625975105572000,1,0.03068070,2089.2300
1625975105572000,1,0.08481176,2089.1100
1625975105572000,1,2.39225552,2089.1000
1625975106828000,0,0.86525000,2089.1000
1625975142832000,1,1.14270726,2089.1600
1625975145578000,1,0.35700000,2089.1600
1625975287474000,0,0.30000000,2088.3800
1625975287552000,0,2.39500620,2088.4500
1625975287575000,0,0.30000000,2088.5900
1625975287575000,0,4.20210620,2088.6700
1625975287589000,0,3.57689380,2088.6700
1625975287589000,0,3.59235108,2088.7600
1625975319355000,1,1.29196535,2089.1100
1625975319357000,1,1.10050013,2089.1100
1625975319525000,1,0.08681091,2088.8300
1625975322654000,1,0.15800000,2089.3300
1625975408837000,1,1.51733876,2091.4300
1625975408872000,1,1.20972253,2091.4300
1625975408873000,1,0.85711600,2091.4300
1625975413962000,1,1.28900000,2091.8800
1625975415674000,1,0.90934693,2091.5500
1625975415785000,1,0.35565000,2091.5500
1625975422662000,1,0.09999999,2092.2800
1625975474809000,1,1.10800000,2092.3400
1625975474809000,1,0.00000001,2092.2800
1625975475197000,1,0.89600000,2092.0100
1625975475526000,1,0.83956947,2091.6800
1625975475659000,1,0.12343000,2091.6800
1625975480027000,1,0.00000053,2091.6800
1625975480027000,1,0.88600000,2091.3500
1625975481278000,1,0.93400000,2091.0200
1625975486218000,1,0.84800000,2090.6900
1625975494488000,1,1.01100000,2090.3600
1625975508346000,1,4.15100000,2089.8000
1625975515575000,1,0.16200000,2089.6800
1625975518335000,1,0.15600000,2089.3500
1625975525581000,1,0.13500000,2089.0200
1625975525581000,1,0.12000000,2088.6900
1625975549232000,0,7.27615458,2090.3600
1625975549490000,0,1.71284542,2090.3600
1625975678159000,1,1.06056272,2089.9700
1625975678171000,1,1.33121167,2089.9700
1625975678174000,1,1.04818280,2089.9600
1625975678207000,1,0.77314279,2089.9600
1625975678213000,1,1.23966469,2089.9600
1625975678219000,1,0.52609675,2089.9600
1625975678469000,0,1.85600000,2089.5500
1625975695597000,1,1.50000000,2089.4900
1625975695597000,1,2.39200000,2089.3700
1625975698310000,1,0.27100000,2089.7400
1625975705579000,1,1.22900000,2089.7400
1625975708353000,1,1.00600000,2089.7200
1625975739361000,0,1.93400000,2086.9500
1625975829020000,1,0.94714951,2087.3500
1625975829023000,1,0.86558181,2087.3500
1625975829024000,1,0.58189202,2087.3500
1625975829120000,1,1.46621780,2086.9500
1625975829131000,1,0.52058220,2086.9500
1625975829131000,1,5.43547359,2086.9200
1625975844912000,1,0.10000000,2085.0000
1625975845595000,1,0.07578151,2084.2700
1625975845595000,1,0.95821849,2084.2600
1625975865664000,0,0.10000000,2085.3000
1625975866019000,0,0.63300000,2085.3000
1625975879946000,1,2.39652761,2085.7800
1625975879946000,1,1.57575734,2085.7000
1625975885587000,1,3.59479142,2085.4900
1625975887588000,0,0.05620858,2085.4700
1625975892811000,1,1.32409499,2085.0700
1625975917332000,0,1.49999999,2086.0000
1625975925576000,1,0.92400000,2085.2600
1625975928357000,1,1.47309371,2085.2600
1625975937911000,0,0.00000001,2086.0000
1625975949615000,0,0.07500000,2086.6000
1625976025579000,1,0.02897243,2094.2400
1625976025579000,1,0.27102757,2094.2300
1625976046457000,0,7.19379896,2097.0200
1625976046457000,0,9.24775753,2097.3700
1625976046457000,0,2.51799479,2097.3800
1625976073304000,1,0.60300000,2094.9300
1625976073304000,1,0.03061689,2094.6200
1625976073304000,1,0.24586067,2094.6200
1625976074047000,1,0.61099999,2094.6000
1625976075575000,1,0.00000001,2094.6000
1625976075575000,1,0.70800000,2094.2700
1625976075575000,1,0.69299999,2093.9400
1625976078412000,0,0.50000000,2094.8900
1625976078412000,0,0.27500000,2094.9000
1625976078795000,0,0.80600000,2094.8800
1625976079202000,1,0.72100000,2094.5500
1625976079587000,1,0.86099999,2094.2200
1625976080485000,1,0.00000001,2094.2200
1625976080485000,1,0.88399999,2093.8900
1625976081805000,1,0.00000001,2093.8900
1625976081805000,1,0.75999999,2093.5600
1625976082195000,1,0.00000001,2093.5600
1625976082195000,1,0.76799999,2093.2300
1625976085109000,1,0.00000001,2093.2300
1625976085109000,1,0.63099999,2092.9000
1625976085581000,1,0.00000001,2092.9000
1625976085581000,1,0.02906731,2091.9100
1625976085581000,1,0.86893268,2091.7800
1625976139151000,1,0.06424199,2090.2500
1625976139153000,1,0.00000001,2090.2500
1625976225592000,1,1.29500000,2087.0100
1625976248350000,1,0.02584900,2088.5400
1625976261282000,0,0.00015100,2088.4400
1625976267210000,1,1.40000000,2088.9600
1625976365588000,1,0.22600000,2086.5200
1625976368436000,0,0.99800000,2086.1700
1625976382665000,1,1.40000000,2084.8500
1625976382665000,1,0.30000000,2084.7700
1625976382665000,1,8.94301488,2084.7300
1625976382665000,1,7.46651816,2084.7300
1625976382665000,1,7.78500000,2084.7100
1625976382751000,0,11.05000000,2084.7100
1625976382755000,0,3.31955762,2084.7100
1625976395599000,1,0.06429008,2084.3600
1625976395599000,1,2.39767093,2084.2300
1625976395659000,1,0.50000000,2084.2600
1625976395687000,1,0.40000000,2084.2400
1625976395687000,1,3.59636051,2084.0200
1625976395869000,1,0.06429008,2084.2500
1625976432278000,0,1.40000000,2084.1000
1625976432289000,0,0.02983260,2084.3600
1625976435611000,1,0.06365600,2083.7300
1625976435611000,1,2.33434400,2083.7100
1625976442225000,1,0.06365600,2082.1300
1625976442225000,1,15.95134245,2082.1200
1625976454287000,0,1.39979999,2083.4200
1625976454289000,0,0.00000001,2083.4200
1625976460560000,1,1.56047000,2084.1100
1625976470898000,0,0.54299999,2085.2100
1625976498989000,0,0.00000001,2085.2100
1625976508754000,1,0.94438522,2085.4200
1625976565578000,1,2.01480861,2083.5200
1625976568934000,0,0.00019139,2083.5200
1625976568934000,0,0.30000000,2084.6600
1625976568934000,0,0.03002248,2084.7500
1625976568937000,0,0.00019140,2084.7500
1625976568937000,0,0.50000000,2084.8800
1625976568937000,0,2.39930533,2084.8900
1625976569004000,0,0.30000000,2084.7400
1625976612569000,1,2.39915080,2083.2900
1625976615396000,1,1.50000000,2082.9300
1625976615689000,0,1.21380000,2082.1900
1625976615884000,0,2.68620000,2082.1900
1625976635717000,0,1.50000000,2083.3400
1625976645577000,1,1.50000000,2083.3300
1625976646120000,1,2.00000000,2083.5100
1625976646177000,1,2.50000000,2083.5100
1625976655713000,0,4.25499999,2084.3500
1625976655721000,0,0.00000001,2084.3500
1625976660479000,1,2.70281023,2085.1300
1625976660489000,1,1.79718977,2085.1300
1625976661397000,1,2.80200000,2084.7500
1625976665579000,1,0.73100000,2083.3600
1625976665665000,0,0.90800000,2083.2800
1625976677043000,0,0.01337962,2083.2700
1625976680259000,1,0.90800000,2083.0300
1625976685591000,1,0.64300000,2082.6300
1625976697337000,1,0.92199999,2082.3100
1625976697367000,1,0.00000001,2082.3100
1625976716832000,0,0.40300000,2082.1700
1625976722522000,0,0.88439621,2083.2700
1625976722861000,0,0.95360379,2083.2700
1625976722861000,0,0.48799621,2083.2700
1625976741865000,0,0.40300000,2082.2200
1625976742952000,1,0.48300000,2082.1700
1625976744285000,1,0.50300000,2081.8500
1625976745322000,1,0.44700000,2081.5300
1625976745577000,1,0.44700000,2081.2100
1625976756153000,0,0.15400000,2081.3100
1625976795592000,1,0.29800000,2081.9900
1625976805578000,1,0.31600000,2081.9200
1625976807851000,1,0.29699999,2081.6000
1625976836694000,1,0.28600000,2081.6200
1625976886400000,0,0.00000379,2083.2700
1625976887274000,0,0.90276799,2084.3800
1625976979063000,0,1.05200000,2086.8600
1625976981277000,1,0.81925003,2086.8000
1625976981278000,1,0.68074997,2086.8000
1625976988382000,1,0.63900000,2086.6600
1625976989740000,1,0.86100000,2086.6600
1625976998365000,1,1.46700000,2086.3200
1625977008551000,0,0.03299999,2086.4900
1625977008552000,0,0.00000001,2086.4900
1625977027524000,1,0.03300000,2086.3200
1625977027569000,1,0.97078247,2086.0800
1625977027583000,1,1.42518708,2086.0800
1625977075947000,0,0.13000000,2087.7000
1625977098329000,1,1.25100000,2086.6300
1625977118352000,1,1.81400000,2086.6300
1625977135572000,1,10.92200000,2086.6300
1625977138388000,1,1.10000000,2086.6300
1625977145576000,1,3.28458959,2086.6300
1625977153699000,0,0.00041041,2086.4600
1625977155596000,1,2.39500000,2086.8900
1625977253808000,1,0.00008959,2086.8900
1625977253808000,1,0.29300000,2086.7400
1625977254612000,1,0.35800000,2086.4100
1625977255671000,1,0.33900000,2086.0800
1625977276743000,1,0.26600000,2085.7500
1625977276922000,1,0.33900000,2085.4200
1625977276922000,1,0.35500000,2085.0900
1625977329065000,1,0.17900000,2084.3000
1625977329902000,1,0.22899999,2083.9700
1625977329920000,1,0.00000001,2083.9700
1625977397567000,1,0.30699999,2083.5200
1625977397568000,1,0.00000001,2083.5200
1625977436772000,1,0.10289866,2083.1300
1625977437870000,1,0.26099999,2083.4400
1625977438539000,1,0.00000001,2083.4400
1625977438539000,1,0.26699998,2083.1100
1625977495601000,1,0.19600000,2083.4500
1625977495601000,1,1.50000000,2083.3900
1625977495601000,1,0.27700000,2083.1200
1625977495601000,1,2.39996523,2082.9600
1625977495680000,0,0.67403477,2082.8400
1625977505574000,1,0.21400000,2083.3900
1625977505574000,1,0.21400000,2083.0600
1625977505574000,1,2.39999318,2083.0000
1625977505574000,1,0.00000682,2082.7400
1625977515192000,1,1.50000000,2083.1900
1625977515258000,1,0.25800000,2082.7300
1625977515612000,1,0.26500000,2082.4000
1625977515612000,1,0.21200000,2082.0700
1625977515612000,1,5.37200000,2081.8000
1625977555503000,0,0.99138534,2083.6500
1625977555522000,0,1.07598445,2083.5500
1625977555566000,0,0.88650811,2083.5500
1625977668540000,0,0.69100000,2082.3800
1625977678347000,1,0.10500000,2081.9700
1625977680592000,1,0.11400000,2081.6500
1625977680592000,1,0.78567100,2081.6000
1625977680592000,1,1.61557148,2081.6000
1625977680593000,1,1.46088454,2081.5300
1625977680601000,1,1.31766057,2081.5300
1625977680613000,1,1.20021690,2081.5300
1625977683658000,0,0.67400000,2082.4800
1625977741277000,1,0.14899999,2082.0800
1625977741349000,1,0.00000001,2082.0800
1625977745579000,1,0.12400000,2081.7600
1625977745579000,1,0.15000000,2081.4400
1625977745579000,1,0.13100000,2081.1200
1625977831258000,1,0.41799999,2083.9200
1625977831289000,1,0.00000001,2083.9200
1625977845588000,1,0.34800000,2083.5900
1625977845588000,1,0.48400000,2083.2600
1625977845588000,1,1.91500000,2083.1000
1625977864087000,1,0.43499999,2083.3400
1625977865579000,1,0.00000001,2083.3400
1625977865579000,1,0.41099999,2083.0100
1625977868330000,1,0.00000001,2083.0100
1625977868330000,1,0.46799999,2082.6800
1625977875607000,1,0.00000001,2082.6800
1625977875607000,1,0.46799999,2082.3500
1625977900764000,0,0.27900000,2082.5700
1625977905578000,1,0.27900000,2082.4900
1625977938789000,0,4.61651891,2085.5200
1625977938808000,0,1.03495771,2085.5200
1625977938915000,0,0.91324667,2085.5200
1625977938944000,0,1.30623897,2085.5200
1625978044927000,0,0.94639821,2088.5500
1625978075293000,1,0.21300000,2090.5800
1625978075360000,1,1.50000000,2090.4300
1625978075606000,1,0.19499999,2090.2500
1625978075610000,1,0.00000001,2090.2500
1625978075610000,1,0.20600000,2089.9200
1625978075610000,1,0.14300000,2089.5900
1625978076261000,0,1.79400000,2089.4300
1625978085870000,0,1.49999999,2089.9800
1625978085918000,0,0.00000001,2089.9800
1625978090000000,0,1.05299999,2089.9800
1625978112152000,1,1.43409077,2089.3700
1625978112175000,1,0.06590923,2089.3700
1625978112277000,1,0.10899999,2089.1600
1625978112831000,1,0.00000001,2089.1600
1625978112831000,1,0.10599999,2088.8300
1625978115579000,1,0.00000001,2088.8300
1625978115579000,1,2.07099999,2087.8600
1625978118435000,0,1.00200000,2088.1200
1625978217762000,1,2.39589958,2086.0400
1625978217905000,1,0.06332774,2085.5800
1625978217905000,1,0.50000000,2085.5800
1625978375610000,1,2.39692992,2085.3000
1625978375610000,1,7.58745312,2085.2700
1625978375610000,1,0.35561696,2085.1800
1625978435732000,0,0.96100000,2086.9600
1625978445581000,1,0.96100000,2086.7200
1625978455577000,1,2.39500000,2086.9500
1625978458449000,0,1.13000000,2087.0500
1625978465403000,1,0.85100000,2087.0200
1625978465582000,1,0.00028584,2086.9500
1625978465582000,1,0.85071416,2086.6900
1625978468369000,1,0.02328584,2086.6900
1625978468369000,1,0.71171416,2086.3600
1625978478372000,1,0.00028584,2086.3600
1625978478372000,1,0.66500000,2086.0300
1625978478372000,1,0.24171416,2085.7000
1625978481530000,0,0.95157333,2087.2200
1625978481533000,0,1.38897651,2087.2200
1625978481538000,0,0.05626315,2087.2200
1625978481583000,0,0.50000000,2087.4700
1625978481583000,0,0.50000000,2087.4700
1625978481587000,0,1.36810828,2087.4900
1625978481590000,0,0.84410458,2087.4900
1625978481594000,0,1.38300662,2087.4900
1625978481912000,0,1.26490781,2088.1200
1625978481912000,0,1.44770774,2088.1200
1625978481914000,0,1.77893871,2088.1200
1625978482144000,0,4.49155426,2088.1200
1625978482144000,0,1.13412902,2088.1200
1625978482171000,0,1.12934263,2088.1200
1625978482281000,0,3.80341983,2088.1200
1625978495582000,1,0.54000000,2087.0000
1625978518935000,0,1.05200000,2088.1400
1625978527335000,0,0.93200000,2089.4200
1625978527335000,0,2.92278764,2089.4400
1625978530328000,0,0.58321236,2089.4400
1625978546463000,0,1.55211187,2089.7200
1625978546470000,0,0.83988813,2089.7200
1625978582406000,1,2.04068153,2090.2400
1625978582421000,1,0.35071290,2090.2400
1625978583907000,1,0.55235085,2089.6400
1625978584263000,1,0.02964914,2089.6400
1625978584372000,1,0.00000001,2089.6400
1625978585543000,1,0.54100000,2090.5600
1625978585892000,1,0.57600000,2090.2300
1625978586458000,1,0.53599999,2089.9000
1625978595570000,1,0.00000001,2089.9000
1625978595570000,1,0.53600000,2089.5700
1625978595570000,1,0.54699999,2089.2400
1625978608341000,1,0.00000001,2089.2400
1625978611621000,0,0.67999000,2089.2000
1625978630009000,0,0.17800000,2089.1300
1625978633062000,0,0.00000999,2089.2000
1625978692830000,0,1.19272654,2090.8900
1625978728332000,1,2.21000000,2089.8200
1625978808345000,1,0.56400000,2087.1400
1625978818375000,1,2.79900000,2087.1400
1625978913943000,0,0.25000000,2090.4700
1625978924819000,0,0.29999999,2090.4700
1625978924825000,0,0.00000001,2090.4700
1625978958323000,1,2.39100000,2090.2000
1625978968351000,1,1.05300000,2090.2100
1625978968771000,0,2.99402889,2090.2500
1625978968819000,0,0.17197111,2090.2500
1625978992990000,0,4.80000000,2093.3000
1625979060902000,1,0.07399637,2095.4800
1625979060907000,1,0.00000001,2095.4800
1625979068345000,1,0.67600000,2095.4200
1625979068491000,1,0.32600000,2095.4200
1625979068491000,1,1.20700000,2095.0900
1625979068491000,1,0.10285190,2094.4700
1625979106441000,1,1.19200000,2095.6000
1625979106493000,1,0.91200000,2095.2700
1625979108371000,1,0.32900000,2094.9400
1625979115579000,1,0.89400000,2094.9400
1625979118447000,0,0.53200000,2094.9800
1625979121004000,1,0.98500000,2094.6100
1625979125578000,1,1.17200000,2094.2800
1625979125578000,1,1.09900000,2093.9500
1625979135587000,1,0.43300000,2094.4100
1625979135587000,1,0.42800000,2094.0800
1625979135587000,1,0.50800000,2093.7500
1625979135587000,1,0.03068604,2093.5200
1625979135587000,1,0.00031396,2093.4200
1625979147405000,0,1.90893000,2096.1000
1625979147410000,0,0.47787112,2096.1000
1625979245585000,1,5.65300000,2095.2600
1625979266094000,0,2.45500000,2095.3700
1625979335609000,1,2.38600000,2094.9500
1625979345940000,0,2.08700000,2095.2200
1625979361340000,1,0.00001970,2094.9500
1625979405583000,1,2.38761468,2093.6200
1625979405665000,0,2.38761468,2093.5000
1625979405977000,0,0.73000000,2093.5000
1625979406037000,0,0.00177064,2093.5000
1625979406493000,1,1.50000000,2093.4700
1625979406508000,1,0.07008384,2093.2800
1625979447726000,1,2.38899499,2092.2300
1625979447841000,1,0.06940964,2092.0200
1625979504452000,1,2.38856883,2092.8100
1625979504527000,1,0.06870778,2092.6000
1625979504527000,1,3.58285324,2092.5900
1625979504549000,1,0.17177602,2092.2400
1625979504549000,1,2.39674845,2092.1600
1625979504553000,1,1.23923362,2092.4500
1625979504586000,1,1.93617230,2092.8100
1625979504593000,1,0.06870000,2092.8100
1625979504609000,1,0.38369653,2092.8100
1625979506379000,0,0.06000000,2091.6700
1625979545666000,1,2.39000000,2091.3400
1625979548323000,1,0.00004453,2091.3400
1625979548323000,1,1.12495547,2091.3400
1625979555600000,1,1.26500000,2091.3400
1625979558331000,1,0.00008906,2091.3400
1625979558331000,1,2.39004453,2091.3400
1625979558418000,0,1.40186641,2091.2400
1625979565605000,1,2.39004453,2091.3400
1625979565605000,1,3.74095547,2091.3400
1625979581922000,0,1.98470000,2092.8600
1625979585273000,0,1.12700000,2094.1700
1625979587683000,0,0.11782398,2094.1700
1625979587683000,0,0.00000001,2094.1700
1625979601516000,1,0.06483775,2092.6700
1625979601516000,1,0.16209438,2092.6700
1625979601523000,0,1.40000000,2092.6700
1625979601578000,0,1.91055402,2092.6700
1625979601749000,1,0.96486692,2092.6700
1625979615961000,0,2.38700000,2094.2000
1625979619962000,0,1.40000000,2095.2000
1625979620339000,0,1.90616256,2095.2700
1625979620340000,0,0.90264023,2095.2700
1625979621118000,0,0.39919721,2095.2700
1625979621118000,0,0.59125109,2095.2700
1625979621118000,0,0.52038070,2095.2700
1625979635077000,0,1.68755850,2095.0400
1625979640843000,0,0.91827202,2095.0400
1625979649798000,0,1.43400000,2094.9200
1625979655574000,1,2.00200000,2094.9300
1625979655574000,1,2.38599135,2094.9200
1625979655665000,0,1.39600865,2094.7400
1625979665596000,1,0.87700000,2094.6500
1625979665596000,1,2.38600000,2094.6400
1625979666940000,1,0.65300000,2094.6600
1625979667025000,0,2.46480232,2094.6600
1625979667052000,0,2.25577897,2094.6600
1625979668241000,0,1.85996000,2094.6600
1625979671428000,0,0.00000979,2094.6600
1625979675562000,1,0.70499021,2094.8600
1625979675562000,1,0.00029671,2094.6400
1625979675562000,1,0.59900000,2094.5300
1625979675596000,1,0.06365696,2094.3900
1625979676534000,1,0.59900000,2094.2000
1625979676534000,1,0.06365696,2093.8800
1625979676534000,1,0.54700000,2093.8700
1625979678311000,1,0.65200000,2093.5400
1625979689271000,0,0.76400000,2093.3500
1625979689271000,0,0.65483691,2093.3600
1625979695686000,0,0.76400000,2093.2300
1625979695700000,0,0.10000000,2093.3600
1625979695754000,0,0.00916309,2093.3600
1625979697573000,1,0.76400000,2093.2100
1625979698340000,1,0.06200000,2092.4300
1625979705624000,1,0.37900000,2092.7600
1625979712508000,1,0.42400000,2092.4300
1625979712508000,1,0.40500000,2092.1000
1625979718751000,1,0.06215799,2091.7800
1625979718751000,1,0.31400000,2091.7700
1625979724609000,0,3.95083000,2091.7200
1625979734387000,1,0.06185739,2091.3700
1625979734387000,1,2.38994194,2091.3600
1625979735596000,1,0.13600000,2091.1800
1625979735596000,1,0.16100000,2090.8500
1625979736881000,1,1.86018985,2090.6900
1625979740104000,0,0.00000923,2091.7200
1625979740104000,0,0.03002014,2091.7200
1625979752960000,0,3.20560000,2090.6900
1625979753159000,0,0.00000330,2090.6900
1625979758171000,0,7.21243252,2092.2800
1625979758171000,0,0.78756748,2092.2900
1625979773355000,0,0.04672087,2090.9900
1625979778384000,1,0.11200000,2090.9700
1625979787774000,0,0.55443332,2090.8600
1625979787811000,0,0.81756668,2090.8600
1625979787891000,0,0.24827912,2090.9900
1625979788308000,1,0.06157176,2090.6500
1625979788308000,1,0.04142824,2090.6400
1625979795488000,0,0.00000001,2090.9900
1625979795488000,0,2.29999999,2090.9900
1625979795497000,0,1.46710447,2090.9900
1625979795517000,0,0.11200000,2091.0600
1625979810977000,1,2.38998246,2091.2400
1625979810977000,1,0.06123534,2091.2100
1625979811909000,1,2.39047571,2090.8600
1625979822270000,1,0.34700000,2090.5400
1625979822463000,0,0.06096140,2090.4600
1625979823000000,0,2.43806000,2090.4600
1625979825025000,0,0.15910000,2090.4600
1625979827529000,0,0.00000098,2090.4600
1625979828300000,1,0.69600000,2090.9700
1625979830502000,1,0.80400000,2090.9700
1625979830539000,1,0.98972834,2090.4600
1625979830539000,1,1.21281084,2090.4600
1625979830544000,1,0.18837222,2090.4600
1625979830570000,1,0.06096140,2090.4500
1625979830570000,1,0.36900000,2090.2100
1625979830570000,1,0.00013366,2090.2000
1625979830570000,1,0.50000000,2090.1800
1625979830570000,1,1.83711606,2090.1500
1625979835866000,0,1.50000000,2090.3800
1625979845572000,1,1.50000000,2090.3600
1625979848339000,1,0.38800000,2090.2100
1625979854019000,0,1.12134078,2090.3200
1625979854386000,0,2.13864000,2090.3200
1625979855582000,1,1.11200000,2090.2100
1625979858353000,1,0.57500000,2090.2600
1625979858994000,0,0.00000023,2090.3200
1625979858994000,0,0.57899976,2090.5800
1625979859788000,0,0.00000024,2090.5800
1625979860029000,0,0.04831227,2091.3900
1625979860031000,0,0.00000001,2091.3900
1625979897294000,1,2.73201301,2090.1200
1625979900970000,1,0.06028527,2089.6900
1625979901007000,1,0.00000001,2089.6900
1625979955577000,1,2.39215544,2089.6200
1625979955577000,1,2.63684456,2089.6100
1625979981682000,1,0.06179173,2090.6900
1625979981782000,1,0.00000001,2090.6900
1625979985583000,1,0.06183074,2089.8300
1625979985583000,1,4.96616926,2089.8200
1625979995660000,1,5.00000000,2090.0200
1625980001006000,1,2.39145353,2090.0000
1625980001006000,1,0.06121099,2089.8300
1625980001006000,1,2.54733548,2089.8200
1625980012547000,0,2.42600000,2091.7300
1625980012547000,0,1.19500000,2091.7300
1625980038452000,0,2.33365448,2091.6900
1625980038457000,0,0.05634552,2091.6900
1625980046896000,1,2.38968866,2091.7600
1625980046901000,1,0.00000001,2091.7600
1625980046901000,1,0.06055489,2091.3900
1625980046901000,1,3.58468687,2091.3800
1625980046946000,1,0.25000000,2091.3900
1625980046976000,1,5.54556140,2091.1900
1625980046979000,1,2.21843860,2091.1900
1625980046979000,1,0.15138578,2091.0100
1625980046979000,1,0.82888912,2090.9500
1625980046983000,1,2.21701511,2090.9500
1625980047021000,1,1.73342393,2090.9500
1625980047515000,1,0.06055489,2090.9900
1625980106640000,0,2.39092714,2091.7200
1625980155579000,1,2.38883920,2092.3400
1625980155696000,0,0.00016080,2092.3000
1625980295601000,1,0.88000000,2094.6600
1625980315583000,1,2.38551642,2095.2200
1625980315583000,1,0.00048358,2094.9400
1625980318373000,1,0.01800000,2095.2200
1625980325578000,1,0.79100000,2094.9200
1625980325578000,1,2.38593103,2094.9000
1625980325578000,1,0.00006897,2094.6100
1625980330871000,0,0.70299999,2094.7800
1625980339993000,0,0.00000001,2094.7800
1625980339993000,0,0.02810909,2094.9700
1625980346499000,0,2.41389090,2094.9700
1625980346514000,0,0.00000001,2094.9700
1625980407581000,0,0.14700000,2095.6600
1625980415991000,0,2.38500000,2095.7400
1625980417795000,0,0.02810910,2097.0300
1625980418374000,1,1.59400000,2095.6100
1625980427182000,0,0.10399999,2097.1600
1625980427205000,0,0.00000001,2097.1600
1625980433315000,1,0.05554006,2096.2200
1625980435578000,1,0.87400000,2095.8000
1625980435578000,1,0.66100000,2095.4700
1625980435578000,1,0.02976220,2095.4600
1625980435578000,1,0.04423780,2095.1500
1625980466393000,1,0.63999999,2096.8600
1625980467338000,1,0.00000001,2096.8600
1625980467338000,1,0.64599998,2096.5300
1625980471646000,1,0.00000002,2096.5300
1625980473739000,0,0.63999999,2096.8900
1625980475582000,1,0.66400000,2096.2000
1625980544009000,1,0.17799999,2099.2600
1625980544019000,1,0.00000001,2099.2600
1625980544165000,1,0.22299999,2098.9300
1625980544221000,1,0.00000001,2098.9300
1625980545578000,1,0.20700000,2098.6000
1625980545578000,1,0.19600000,2098.2700
1625980549077000,1,0.30000000,2100.0000
1625980565579000,1,0.20700000,2097.9400
1625980603468000,0,3.21200000,2098.6900
1625980715668000,0,2.38400000,2096.6800
1625980719440000,1,1.24552027,2096.5600
1625980719441000,1,1.13877631,2096.5600
1625980719474000,1,0.05252577,2096.1400
1625980719474000,1,1.16387340,2096.1300
1625980719555000,1,0.83150155,2096.3300
1625980719556000,1,1.55307733,2096.3300
1625980775604000,1,0.05085059,2094.4900
1625980775604000,1,0.00014941,2094.3600
1625980778437000,1,0.05060521,2094.3700
1625980798370000,1,0.04960964,2093.4300
1625980798370000,1,0.27139036,2093.4100
1625980808298000,1,1.49999999,2095.7600
1625980808375000,1,0.00000001,2095.7600
1625980810019000,1,0.80244600,2095.3500
1625980810093000,1,0.69755399,2095.3500
1625980810093000,1,0.00000001,2095.3500
1625980813203000,1,1.02900000,2094.5400
1625980835588000,1,1.00300000,2093.5600
1625980838375000,1,0.04861344,2092.7300
1625980838375000,1,2.96038656,2092.5500
1625980845585000,1,0.04837562,2092.8700
1625980845585000,1,0.26562438,2092.8600
1625980849309000,0,0.56800000,2092.9400
1625980897035000,0,0.04740555,2094.4100
1625980898372000,1,1.05200000,2093.5300
1625980899926000,0,1.54813539,2094.4100
1625980900904000,0,1.19753594,2094.4100
1625980921558000,1,0.19899999,2093.4600
1625980933934000,1,0.24899999,2093.1300
1625980933935000,1,0.00000001,2093.1300
1625980934973000,1,0.14899999,2093.5200
1625980935014000,1,0.00000001,2093.5200
1625980935579000,1,0.15100000,2093.1900
1625980938371000,1,0.15100000,2092.8600
1625980985590000,1,0.14800000,2093.5200
1625980985590000,1,0.13300000,2093.1900
1625980995849000,1,0.15299999,2093.1200
1625980996471000,1,0.00000001,2093.1200
1625980996471000,1,0.12999998,2092.7900
1625980996476000,1,0.00000002,2092.7900
1625980997068000,1,0.11099999,2092.4600
1625980998312000,1,0.00000001,2092.4600
1625980998312000,1,0.14899999,2092.1300
1625981005586000,1,0.00000001,2092.1300
1625981005586000,1,0.10299999,2091.8000
1625981017793000,0,0.04740555,2093.4200
1625981033893000,0,1.73898933,2093.4700
1625981081439000,0,0.94247314,2093.5400
1625981155586000,1,2.38628119,2094.6700
1625981155586000,1,2.54571881,2094.5700
1625981208373000,1,0.29600000,2096.7600
1625981225717000,1,1.54180941,2096.7600
1625981308393000,0,1.10900000,2096.7300
1625981308870000,0,2.63600000,2097.6000
1625981308870000,0,0.11410213,2097.6000
1625981325576000,1,1.50000000,2097.1400
1625981326112000,1,1.50000000,2097.1400
1625981327134000,1,1.49999999,2097.0300
1625981327135000,1,0.00000001,2097.0300
1625981375616000,1,2.38453307,2095.9700
1625981375616000,1,0.00046693,2095.6300
1625981378419000,0,0.97200000,2096.1400
1625981385608000,1,2.38453307,2095.9700
1625981385717000,0,0.00046693,2095.9100
1625981388398000,1,0.83700000,2096.1100
1625981395571000,1,1.54778548,2096.1100
1625981395571000,1,0.00021452,2095.6400
1625981405580000,1,2.38478548,2096.1100
1625981405580000,1,2.90321452,2095.9500
1625981408446000,0,1.54300000,2096.2800
1625981409683000,0,0.88290767,2097.6000
1625981413613000,0,0.68799019,2097.6000
1625981413635000,0,0.00000001,2097.6000
1625981455579000,1,0.58500000,2097.5200
1625981465579000,1,0.60400000,2097.1900
1625981465579000,1,0.54100000,2096.8600
1625981475576000,1,0.60400000,2096.5300
1625981479649000,1,0.48900000,2096.9900
1625981485580000,1,0.48000000,2096.6600
1625981495604000,1,0.40800000,2096.3300
1625981515587000,1,0.24700000,2096.3800
1625981515587000,1,0.26300000,2096.0500
1625981518359000,1,0.01900000,2096.0500
1625981525584000,1,0.26000000,2095.7200
1625981555595000,1,2.23500000,2095.8300
1625981565578000,1,0.14991012,2095.8300
1625981565578000,1,0.00008988,2095.6800
1625981568358000,1,1.31200000,2095.8300
1625981578371000,1,0.31600000,2096.0800
1625981580215000,0,0.26800000,2095.7900
1625981605580000,1,0.32500000,2096.6700
1625981605580000,1,0.22800000,2096.3400
1625981605580000,1,2.38400000,2096.2700
1625981635578000,1,0.20900000,2097.4400
1625981653786000,1,1.94863925,2097.1200
1625981655597000,1,0.21400000,2097.1100
1625981655597000,1,0.25300000,2096.7800
1625981655597000,1,2.38412894,2096.5000
1625981655597000,1,0.19587106,2096.4500
1625981660691000,1,0.17500000,2097.2200
1625981661272000,1,0.15699999,2096.8900
1625981665498000,1,0.00000001,2096.8900
1625981665498000,1,0.13899999,2096.5600
1625981665585000,1,0.00000001,2096.5600
1625981665585000,1,0.00049378,2096.2700
1625981665585000,1,0.16500000,2096.2300
1625981668333000,0,2.52350000,2096.0100
1625981675987000,0,0.00000621,2096.0100
1625981718299000,1,1.02200000,2096.3100
1625981735601000,1,2.38500000,2095.7400
1625981738438000,0,1.45173360,2095.9100
1625981741875000,0,0.41526640,2095.9100
1625981745613000,1,0.00012457,2095.7400
1625981745613000,1,0.03787543,2095.3900
1625981755582000,1,2.38488687,2095.9800
1625981755582000,1,3.57711313,2095.7600
1625981758334000,1,0.17600000,2095.9800
1625981765590000,1,2.20888687,2095.9800
1625981765590000,1,0.00021718,2095.7600
1625981765590000,1,2.81589595,2095.7600
1625981775613000,1,2.38488687,2095.9800
1625981775613000,1,0.76111313,2095.7600
1625981780518000,0,0.84299999,2096.2900
1625981783683000,0,0.00000001,2096.2900
1625981785585000,1,2.38400000,2096.5900
1625981795596000,1,2.38340089,2096.9600
1625981795596000,1,0.29959911,2096.7400
1625981805592000,1,4.84100000,2096.9700
1625981811994000,0,0.12617671,2097.8900
1625981812020000,0,0.00000001,2097.8900
1625981835759000,1,1.66463265,2099.6200
1625981972154000,0,1.20664207,2098.4300
1625981972185000,0,1.17697446,2098.4300
1625982015615000,1,2.38299104,2097.6700
1625982015615000,1,0.00000896,2097.4300
1625982020952000,1,1.97118369,2097.3500
1625982026226000,0,1.05299999,2097.9200
1625982035598000,1,0.03000000,2097.3800
1625982043337000,0,0.00000001,2097.9200
1625982075579000,1,2.37990560,2100.2900
1625982075579000,1,0.00009440,2100.0300
1625982076040000,0,0.05289493,2101.8200
1625982085612000,1,1.40000000,2100.3000
1625982158378000,0,1.05300000,2101.1000
1625982165598000,1,1.40000000,2101.0900
1625982165598000,1,0.97900000,2101.0800
1625982191405000,1,1.10014044,2101.0400
1625982191408000,1,0.97696150,2101.0400
1625982191414000,1,0.30197213,2101.0400
1625982191500000,1,0.04233124,2100.7900
1625982255689000,0,2.26613452,2101.1200
1625982258111000,0,0.11286548,2101.1200
1625982258222000,1,2.99398026,2101.3300
1625982259050000,1,4.39315426,2101.3300
1625982275582000,1,2.37983980,2100.4300
1625982275689000,0,0.00016020,2100.3500
1625982285626000,1,2.37990780,2100.4200
1625982285735000,0,0.00009220,2100.3300
1625982295770000,0,1.52606570,2100.5100
1625982295800000,0,0.85393430,2100.5100
1625982300574000,0,0.36999999,2100.7700
1625982300585000,0,0.00000001,2100.7700
1625982300789000,0,1.40000000,2101.8000
1625982323531000,1,1.19934760,2101.4500
1625982325602000,1,5.94800000,2100.3600
1625982349414000,0,1.40000000,2102.2900
1625982349414000,0,0.50000000,2102.3000
1625982349414000,0,3.10000000,2102.3100
1625982357573000,0,5.00000000,2102.2800
1625982358408000,0,1.82500000,2100.9900
1625982378968000,1,1.50069975,2100.9000
1625982378970000,1,0.87870053,2100.9000
1625982379002000,1,0.89216409,2100.5700
1625982379003000,1,1.13651906,2100.5700
1625982379005000,1,1.06657211,2100.5700
1625982379024000,1,0.47395543,2100.5700
1625982379057000,1,0.03979778,2100.3400
1625982379057000,1,0.30000000,2100.3200
1625982379105000,1,2.37940028,2100.9000
1625982379105000,1,2.71870853,2100.1900
1625982379130000,1,1.77604106,2100.1900
1625982385644000,0,1.49000000,2100.0100
1625982395580000,1,1.49000000,2100.0000
1625982415582000,1,2.38000000,2099.6700
1625982425691000,0,3.57100000,2099.5600
1625982435581000,1,0.95468553,2099.3300
1625982435581000,1,2.38082311,2099.3200
1625982435581000,1,0.03733831,2099.2300
1625982435581000,1,0.52415305,2099.2200
1625982438462000,0,0.98400000,2099.4100
1625982445576000,1,2.38063734,2099.5800
1625982445576000,1,0.00036266,2099.4000
1625982451033000,0,0.57700000,2099.7000
1625982455093000,0,1.28100000,2100.9500
1625982498419000,0,1.05300000,2100.7200
1625982505568000,1,2.37971640,2100.5000
1625982505568000,1,0.00028360,2100.3600
1625982515603000,1,2.37971640,2100.5000
1625982515692000,0,0.00028360,2100.4600
1625982518396000,0,1.82500000,2100.8600
1625982525571000,1,2.37958825,2100.6500
1625982525571000,1,0.00041175,2100.3600
1625982535584000,1,2.37958825,2100.6500
1625982535671000,0,0.00041175,2100.5400
1625982545581000,1,2.37900000,2100.6500
1625982546614000,1,0.00017650,2100.6500
1625982546614000,1,1.32907613,2100.4100
1625982556571000,0,2.20784546,2099.9800
1625982556571000,0,0.17215454,2099.9800
1625982565747000,0,2.38100000,2099.7400
1625982580172000,0,0.14600000,2099.9900
1625982580172000,0,0.72699999,2099.9900
1625982580220000,0,0.00000001,2099.9900
1625982587300000,0,0.37618197,2099.8400
1625982588373000,1,1.05300000,2099.6000
1625982596384000,1,1.32779826,2099.6000
1625982597903000,1,3.47094053,2099.2200
1625982597906000,1,0.76551641,2099.2200
1625982597978000,1,3.48468491,2098.9700
1625982598879000,0,0.06051280,2098.9200
1625982602326000,0,0.10148000,2098.9200
1625982602351000,0,0.00000720,2098.9200
1625982645570000,1,1.40000000,2098.7400
1625982645570000,1,0.98200000,2098.7300
1625982648362000,1,1.39971012,2098.7300
1625982649338000,0,0.60328988,2098.5300
1625982652804000,0,0.12042237,2100.2200
1625982652804000,0,2.60500000,2100.2700
1625982653741000,0,1.87424400,2100.7900
1625982653907000,0,0.34898689,2100.7900
1625982653950000,0,0.77876911,2100.7900
1625982685583000,1,1.40000000,2099.4000
1625982685583000,1,2.38057499,2099.3900
1625982685583000,1,0.00042501,2099.3400
1625982725598000,1,2.37970928,2100.4200
1625982725715000,0,0.00029072,2100.4100
1625982728465000,0,0.87100000,2100.6800
1625982735578000,1,2.37957254,2100.5500
1625982735700000,0,0.00042746,2100.3300
1625982738486000,0,1.23400000,2100.6900
1625982742573000,0,0.99306101,2101.2700
1625982742997000,0,0.03249999,2101.2700
1625982743514000,0,0.03249999,2101.2700
1625982744004000,0,0.03249999,2101.2700
1625982744498000,0,0.03249999,2101.2700
1625982745000000,0,0.03249999,2101.2700
1625982745506000,0,0.03249999,2101.2700
1625982746081000,0,0.03250989,2100.6300
1625982746466000,0,1.35003544,2100.6300
1625982746472000,0,0.99745467,2100.6300
1625982748413000,0,1.02653172,2100.7300
1625982748414000,0,0.05646828,2100.7300
1625982750940000,1,2.03939514,2100.4600
1625982750941000,1,0.34023451,2100.4600
1625982795782000,0,1.34179993,2099.6800
1625982796749000,0,1.03920006,2099.6800
1625982798580000,0,0.05300000,2099.5000
1625982805851000,0,2.38099999,2099.5700
1625982815767000,0,0.00000001,2099.5700
1625982825612000,1,2.21300000,2099.4600
1625982834132000,0,0.05895728,2100.4600
1625982855498000,0,0.05000000,2100.1700
1625982928311000,1,2.18000000,2099.2900
1625982935602000,1,0.20100000,2099.2900
1625982943250000,0,0.58800000,2099.3400
1625982944936000,0,0.95681651,2100.0500
1625982944939000,0,1.05692169,2100.0500
1625982944951000,0,0.84040856,2100.0500
1625982944983000,0,1.18879437,2100.0500
1625982945031000,0,0.86505887,2100.0500
1625982948368000,0,0.46000000,2099.9800
1625982949461000,1,1.04000000,2100.1200
1625982949461000,1,1.34057413,2099.7300
1625982949526000,1,1.04000001,2099.7300
1625982955574000,1,1.50000000,2099.5000
1625982989158000,0,1.17300314,2100.5700
1625982989252000,0,0.88391251,2100.5700
1625982989259000,0,1.83208435,2100.5700
1625983016273000,0,0.12500000,2101.0800
1625983029763000,0,0.93400000,2101.0800
1625983029763000,0,4.08000000,2101.0800
1625983029763000,0,2.00900000,2101.0800
1625983029763000,0,5.32500000,2101.0900
1625983029909000,0,0.99100000,2101.6000
1625983029909000,0,3.98666396,2101.6100
1625983030016000,0,0.41233604,2101.6100
1625983082196000,1,2.37829126,2101.7200
1625983082196000,1,3.56732937,2101.6200
1625983082211000,1,0.00000001,2101.6200
1625983109171000,0,0.56000000,2101.0700
1625983120628000,1,2.38042000,2099.8700
1625983206585000,0,3.17099999,2100.8400
1625983206644000,0,0.00000001,2100.8400
1625983206879000,0,1.04299999,2101.0100
1625983206919000,0,0.00000001,2101.0100
1625983207575000,0,2.35699999,2101.3600
1625983214271000,0,0.00000001,2101.3600
1625983214271000,0,0.45294735,2101.5300
1625983215577000,0,0.21878784,2101.5300
1625983224977000,0,0.24526480,2101.5300
1625983231339000,1,2.37865000,2100.8800
1625983231350000,1,0.00000052,2100.8800
1625983269570000,0,0.00000001,2101.5300
1625983271035000,1,2.37839977,2101.5200
1625983271037000,1,0.00000001,2101.5200
1625983271059000,1,0.03011967,2100.9500
1625983285985000,1,2.37876252,2101.1500
1625983286001000,1,0.00000001,2101.1500
1625983289776000,0,0.11904894,2101.8800
1625983299078000,0,2.93995106,2101.8800
1625983299120000,0,1.06100000,2102.0500
1625983314807000,0,0.11246303,2102.4000
1625983328256000,0,0.20000000,2101.9100
1625983335575000,1,2.17820318,2101.9300
1625983335657000,0,2.46144740,2101.8600
1625983335658000,0,1.10534942,2101.8600
1625983338310000,0,0.81327971,2102.4000
1625983338311000,0,0.90009803,2102.4000
1625983338318000,0,1.14815923,2102.4000
1625983338397000,0,0.74600000,2102.5700
1625983338430000,0,2.30100000,2102.9200
1625983338588000,0,0.97100000,2103.0900
1625983339397000,0,2.50878268,2103.4400
1625983343090000,0,0.80221000,2103.4400
1625983343176000,0,0.00000732,2103.4400
1625983344020000,0,0.94399999,2103.6100
1625983344061000,0,0.00000001,2103.6100
1625983344165000,0,0.38650345,2103.9600
1625983344465000,0,0.07700000,2103.9600
1625983344470000,0,1.67330601,2103.9600
1625983345026000,0,0.97819000,2103.9600
1625983345037000,0,0.00000054,2103.9600
1625983345068000,0,1.30100000,2104.1100
1625983345128000,0,0.80900000,2104.1300
1625983345274000,0,2.16400000,2104.4800
1625983347228000,0,1.25200000,2104.6400
1625983347228000,0,0.70199999,2104.6500
1625983393729000,1,2.37650939,2103.0500
1625983393878000,1,0.30000000,2102.6600
1625983393878000,1,0.02831283,2102.4300
1625983395574000,1,0.50000000,2101.6200
1625983395574000,1,7.44999799,2101.6100
1625983395574000,1,7.51300201,2101.4100
1625983427180000,1,2.37780928,2101.7200
1625983427369000,1,2.37846222,2101.4300
1625983445576000,1,2.37800000,2101.4300
1625983450812000,0,1.49800000,2101.7400
1625983455576000,1,15.78700000,2101.5800
1625983459208000,0,0.84375444,2101.7400
1625983459240000,0,0.82909429,2101.7400
1625983459256000,0,2.02215127,2101.7400
1625983462082000,0,0.82999999,2103.1300
1625983462101000,0,0.00000001,2103.1300
1625983467222000,0,0.25001050,2103.6600
1625983471262000,0,0.45198950,2103.6600
1625983492488000,0,0.79600000,2104.1900
1625983517409000,0,0.04728121,2104.4300
1625983518201000,1,2.37571000,2104.0100
1625983519641000,0,0.09071879,2104.4300
1625983531961000,0,0.95000000,2104.7200
1625983545974000,0,0.12599999,2104.9600
1625983545980000,0,0.00000001,2104.9600
1625983555575000,1,4.92700000,2104.4900
1625983559141000,0,0.82200000,2105.2500
1625983582390000,1,2.37488131,2104.7200
1625983582410000,1,3.56250465,2104.3900
1625983595622000,1,0.00000045,2104.0100
1625983595622000,1,1.10299955,2103.6600
1625983625587000,1,2.37569420,2103.8900
1625983625694000,0,0.00030580,2103.7700
1625983658452000,0,1.71700000,2104.3000
1625983661179000,0,0.36500000,2105.4700
1625983665608000,1,0.29500000,2104.3500
1625983665608000,1,2.37500000,2104.3400
1625983698348000,1,0.39000000,2105.3600
1625983699090000,0,0.34700000,2106.0000
1625983705581000,1,2.37369209,2105.6700
1625983705689000,0,0.00030791,2105.6300
1625983708507000,0,1.13500000,2105.8600
1625983725574000,1,1.98500000,2105.6700
1625983728359000,1,0.38800000,2105.6700
1625983739069000,1,0.80900000,2105.6800
1625983739117000,1,0.00038418,2105.6700
1625983739127000,1,2.37416764,2105.4300
1625983739193000,1,0.02578834,2105.1800
1625983739193000,1,3.51116597,2105.1700
1625983739199000,1,0.04991441,2105.1700
1625983739243000,1,2.37416764,2105.4300
1625983739289000,1,0.06447209,2104.6800
1625983739289000,1,2.11110000,2104.6500
1625983914242000,0,0.05352236,2105.6700
1625983921056000,0,0.07447764,2105.6700
1625983921056000,0,0.86165907,2105.6700
1625983921058000,0,1.20061548,2105.6700
1625983921111000,0,1.07072545,2105.6700
1625983925283000,0,0.13397990,2105.6900
1625983925446000,0,0.13300000,2106.2000
1625983926778000,0,0.10900000,2106.7300
1625983926778000,0,7.28668434,2107.2500
1625983926778000,0,0.12100000,2107.2600
1625983926778000,0,7.48331566,2107.5100
1625983958797000,0,1.10100000,2105.9600
1625984073053000,0,2.37588522,2105.2400
1625984073053000,0,0.81063717,2105.2400
1625984118525000,0,1.67600000,2104.5900
1625984153292000,1,3.46200000,2104.7700
1625984153292000,1,2.37471036,2104.7600
1625984153292000,1,1.40343943,2104.7200
1625984153364000,1,3.34434396,2104.7200
1625984153418000,0,2.37471000,2104.7600
1625984153421000,1,0.00000036,2104.7600
1625984153485000,1,1.42300000,2104.5300
1625984179802000,1,0.87600000,2104.3500
1625984179802000,1,0.00003410,2104.3400
1625984179838000,1,2.37520422,2104.2600
1625984179894000,1,3.56265623,2103.8500
1625984179894000,1,0.02371188,2103.6800
1625984204179000,1,0.08340300,2101.6600
1625984282114000,1,0.00038711,2101.4300
1625984282114000,1,0.94381485,2100.2000
1625984282121000,1,0.00000001,2100.2000
1625984298812000,1,0.00002323,2099.2900
1625984298812000,1,0.04997676,2099.0000
1625984409905000,0,7.58780451,2100.3100
1625984409905000,0,1.39999549,2100.3100
1625984410027000,0,0.03092273,2100.5900
1625984410027000,0,0.50000000,2100.6900
1625984410027000,0,1.85037727,2100.7000
1625984410063000,0,0.53099084,2100.7000
1625984410125000,0,0.53940000,2100.6900
1625984410142000,0,2.22468415,2100.9000
1625984410146000,0,0.87177716,2100.7000
1625984410148000,0,1.50959095,2100.7000
1625984515770000,0,1.44883699,2100.4600
1625984518456000,0,2.43416301,2100.4600
1625984581725000,1,0.00002324,2099.0000
