timestamp ms,type,amount,price
1624233631553000,0,15.80678733,2250.6500
1624233631578000,0,2.86602378,2250.6500
1624233631639000,0,0.39278904,2250.6500
1624233631644000,0,11.33353003,2250.6500
1624233647551000,0,9.04829109,2255.3900
1624233647551000,0,9.54304426,2255.3900
1624233651663000,0,0.03039913,2253.3300
1624233656777000,0,0.83500786,2252.8200
1624233656905000,1,0.85499214,2253.5000
1624233686915000,1,9.56931260,2251.5500
1624233687096000,1,0.13362828,2251.5400
1624233687096000,1,0.33407070,2251.5400
1624233687776000,1,0.13362828,2250.2700
1624233687776000,1,0.33407069,2250.2700
1624233687777000,1,0.00000001,2250.2700
1624233696303000,0,0.53000000,2253.9500
1624233696807000,0,0.47000000,2253.9500
1624233707578000,0,4.30401014,2255.8800
1624233714479000,0,3.69387694,2256.5000
1624233717773000,1,8.00000000,2254.4000
1624233717776000,1,0.12885380,2254.2700
1624233717776000,1,0.32218021,2254.2700
1624233718054000,1,0.03137000,2254.2600
1624233723865000,1,2.28453973,2254.3300
1624233723940000,1,0.00000001,2254.3300
1624233742561000,0,1.30000000,2258.0600
1624233743909000,1,0.06076046,2257.7400
1624233760474000,1,9.00292857,2256.9100
1624233760769000,1,0.39707143,2256.9100
1624233761283000,1,7.16612511,2256.8500
1624233761283000,1,2.23387489,2256.8500
1624233762246000,0,0.06179175,2257.0100
1624233765710000,1,9.40000000,2255.9500
1624233772952000,0,0.00000001,2257.0100
1624233857494000,1,9.40000000,2251.0900
1624233857494000,1,6.65782988,2250.9900
1624233866141000,1,0.03940000,2249.7600
1624233925921000,1,1.40000000,2243.8600
1624233958200000,0,0.18907653,2240.6800
1624233991556000,0,1.00000000,2239.9800
1624234003587000,1,1.28208011,2238.0500
1624234003588000,1,3.27086777,2238.0500
1624234003589000,1,4.41400701,2238.0500
1624234060396000,1,0.03663000,2237.2900
1624234089100000,0,1.40000000,2238.6100
1624234089100000,0,9.40000000,2238.6200
1624234123939000,1,1.40000000,2235.2800
1624234140481000,0,0.06215291,2233.1400
1624234140481000,0,0.17165946,2233.5600
1624234154913000,0,7.85331812,2232.4500
1624234160059000,0,4.87629619,2232.9600
1624234184036000,0,0.92989000,2232.8500
1624234217671000,0,9.40000000,2237.0400
1624234217671000,0,8.56063295,2237.1500
1624234239349000,1,1.37400000,2235.2300
1624234239414000,1,2.13546850,2235.2100
1624234239418000,1,0.98313329,2235.2100
1624234239480000,1,0.79239821,2235.2100
1624234363578000,1,0.03398000,2232.9400
1624234363763000,1,0.99871983,2232.2700
1624234475191000,1,0.85325596,2228.8900
1624234475198000,1,0.14674404,2228.8900
1624234475198000,1,0.57994658,2228.8800
1624234475202000,1,3.42005342,2228.8800
1624234475202000,1,2.11760000,2228.7700
1624234475265000,1,0.84685387,2228.6400
1624234475284000,1,0.20292088,2228.6400
1624234487478000,1,9.34630984,2228.3000
1624234515183000,0,1.33216462,2229.5700
1624234515183000,0,0.53287467,2229.5700
1624234515419000,0,0.99870000,2229.8800
1624234515419000,0,0.05787392,2230.0900
1624234515516000,0,9.40000000,2229.9800
1624234515516000,0,1.33188842,2230.3100
1624234515516000,0,2.14362390,2230.3200
1624234628960000,1,0.03572000,2231.8300
1624234650787000,1,1.04600000,2230.2400
1624234674795000,1,3.22154595,2229.6100
1624234674797000,1,5.57433164,2229.6100
1624234674877000,1,1.14714418,2229.3700
1624234674877000,1,4.37190440,2228.9100
1624234674904000,1,0.13706938,2228.8900
1624234674904000,1,1.00000000,2228.8900
1624234675042000,1,1.50000000,2228.9200
1624234675042000,1,0.34267652,2228.9100
1624234675098000,1,1.50000000,2228.5600
1624234685512000,1,2.12400000,2227.7000
1624234686953000,1,1.30000000,2226.7400
1624234733661000,1,0.92900000,2222.6800
1624234733777000,1,0.00068375,2222.6800
1624234733777000,1,0.11359390,2222.1500
1624234733777000,1,0.11938896,2222.1500
1624234733777000,1,0.93555000,2222.0000
1624234733777000,1,0.73840671,2221.6500
1624234733813000,1,0.00000001,2221.6500
1624234734400000,1,0.20160373,2220.7300
1624234737329000,0,0.29493000,2222.9500
1624234737364000,0,0.00000128,2222.9500
1624234754260000,0,0.29400000,2225.2500
1624234876708000,1,1.30400000,2225.0800
1624234911027000,1,9.16372690,2224.0000
1624234931580000,0,0.63500000,2226.8400
1624234963631000,1,0.25600000,2225.7600
1624234983798000,1,1.77885821,2226.8800
1624234983806000,1,0.00000001,2226.8800
1624234984620000,1,0.06239355,2225.4800
1624234984620000,1,0.26860645,2224.8800
1624234988725000,0,0.03400000,2225.0700
1624234988725000,0,0.06004450,2226.3100
1624234988725000,0,2.35720608,2226.4900
1624234997204000,1,9.40000000,2226.0300
1624234997204000,1,9.44649952,2225.9200
1624234997204000,1,7.32905898,2225.9200
1624234997204000,1,9.13244890,2225.9100
1624235027901000,0,4.16879000,2227.1600
1624235027956000,0,4.97348565,2227.1600
1624235028039000,0,7.90249785,2227.4700
1624235039877000,0,1.09149677,2228.1200
1624235077948000,1,0.23244112,2229.2400
1624235080029000,1,2.14143692,2229.2400
1624235114178000,1,2.99930000,2229.9300
1624235155288000,0,3.36417768,2229.9900
1624235227387000,0,0.53258583,2230.0300
1624235227387000,0,0.95894929,2230.0300
1624235227398000,0,0.37251530,2230.0300
1624235227398000,0,0.88978914,2230.0400
1624235227398000,0,1.48121180,2230.0400
1624235250443000,0,0.53206624,2230.6300
1624235250443000,0,0.44190051,2230.6900
1624235250447000,0,0.88822928,2230.6900
1624235257154000,1,0.80000000,2230.0600
1624235257377000,1,0.00368384,2230.0600
1624235257377000,1,5.79631616,2229.5600
1624235260557000,1,8.63000000,2229.5500
1624235266639000,1,0.76334279,2229.1700
1624235266639000,1,0.07117000,2229.1600
1624235266639000,1,0.06151856,2229.0800
1624235266639000,1,1.00000000,2228.9100
1624235266639000,1,3.82900000,2228.9000
1624235266639000,1,0.73006496,2228.9000
1624235266684000,1,0.61493504,2228.9000
1624235266742000,1,4.48432031,2228.7900
1624235298034000,1,9.40000000,2227.6200
1624235298034000,1,3.36520408,2227.5100
1624235298034000,1,0.30000000,2227.4600
1624235298034000,1,8.76588697,2227.4600
1624235298034000,1,9.40000000,2227.4500
1624235298034000,1,7.61162784,2227.2600
1624235304155000,1,2.70175086,2227.5400
1624235304155000,1,9.40000000,2227.5400
1624235304155000,1,4.48700892,2227.3300
1624235304155000,1,9.14521968,2227.2400
1624235314533000,1,3.11000000,2226.2500
1624235346130000,1,1.30000000,2223.5600
1624235351502000,0,15.90085094,2224.5900
1624235351503000,0,15.90085094,2224.5900
1624235351513000,0,4.72429812,2224.5900
1624235382692000,0,7.26139302,2223.3200
1624235382704000,0,1.72511099,2223.3200
1624235383047000,0,2.32215617,2223.9700
1624235383240000,0,15.89418429,2224.1800
1624235383246000,0,11.06781571,2224.1800
1624235383357000,0,0.06204663,2224.4200
1624235383860000,0,9.40000000,2224.1600
1624235398061000,1,2.25983653,2223.9900
1624235419124000,1,2.53210982,2223.1300
1624235419133000,1,0.23989018,2223.1300
1624235421247000,1,0.91254855,2221.6900
1624235441401000,1,0.73700000,2220.2100
1624235442412000,1,0.74000000,2220.0000
1624235443041000,1,8.00794076,2220.0000
1624235443073000,1,9.06029729,2220.0000
1624235443100000,1,0.01331047,2220.0000
1624235444366000,1,0.06000000,2220.0000
1624235451229000,0,0.01518892,2221.1000
1624235451482000,0,4.11595862,2221.8200
1624235453784000,1,2.60856459,2221.3100
1624235467131000,0,7.31100000,2222.7300
1624235528262000,0,0.05404973,2225.2800
1624235547545000,1,0.03974000,2224.1900
1624235649521000,1,0.80800000,2223.1100
1624235649521000,1,2.07633456,2223.1000
1624235681954000,1,6.04799999,2221.2600
1624235888460000,0,0.90746522,2226.3500
1624235896946000,0,0.83156176,2227.0000
1624235911129000,0,0.25524345,2227.6100
1624235955090000,1,3.36659357,2226.8300
1624235955090000,1,1.12196846,2226.6700
1624235955112000,1,1.50000000,2226.6700
1624235955165000,1,0.91039067,2226.6700
1624235955171000,1,0.95620290,2226.6700
1624235955196000,1,4.48881769,2226.2500
1624235955196000,1,0.05946985,2226.2500
1624235955196000,1,0.90073577,2226.1800
1624235955261000,1,1.02689562,2226.8300
1624235955288000,1,2.33969795,2226.8300
1624235955288000,1,0.30000000,2225.8600
1624235955288000,1,0.33627563,2225.8300
1624235955288000,1,0.13450421,2225.8300
1624235955288000,1,0.06024312,2225.8000
1624235955288000,1,1.06527982,2225.7700
1624235955316000,1,0.65000000,2225.7800
1624235955316000,1,0.18010032,2225.7600
1624235955371000,1,0.88629092,2225.6800
1624235955480000,1,5.11633738,2225.5000
1624235957900000,0,7.82779832,2226.7500
1624235957964000,0,1.19748866,2226.7500
1624235957964000,0,0.27485456,2226.8500
1624235957966000,0,1.57149088,2226.8500
1624235957991000,0,2.14105687,2226.8500
1624235958003000,0,2.80390462,2226.8500
1624235958007000,0,1.78910232,2226.8500
1624236009420000,1,2.55948474,2226.0700
1624236009451000,1,1.03252397,2226.0700
1624236045522000,0,5.00000000,2228.6100
1624236057031000,1,1.31000000,2227.0100
1624236068716000,1,4.92800000,2226.6900
1624236141175000,0,1.32582045,2227.5600
1624236193574000,1,0.06759000,2225.5600
1624236221833000,0,0.18326000,2226.1300
1624236282644000,0,8.59561662,2225.4900
1624236322873000,0,0.05883387,2221.4500
1624236322950000,1,1.88200000,2221.6800
1624236322954000,1,0.00016613,2221.6800
1624236335153000,1,3.57150528,2220.0000
1624236335198000,1,15.92903382,2220.0000
1624236335251000,1,0.45000000,2220.0000
1624236339649000,1,2.49043497,2220.0000
1624236339649000,1,2.76168914,2220.0000
1624236349206000,1,0.97945941,2220.0000
1624236349222000,1,0.98476013,2220.0000
1624236349222000,1,0.99656377,2220.0000
1624236349225000,1,0.45000000,2220.0000
1624236349230000,1,1.03400338,2220.0000
1624236349232000,1,1.03458358,2220.0000
1624236349234000,1,1.43641800,2220.0000
1624236349234000,1,0.45000000,2220.0000
1624236349360000,1,0.02008678,2219.8300
1624236349636000,1,1.94730000,2218.5500
1624236349709000,1,0.06100000,2218.5000
1624236351232000,1,0.05813940,2217.5500
1624236351237000,1,0.00000001,2217.5500
1624236353137000,0,1.24100000,2218.7700
1624236362369000,0,0.06048319,2218.5200
1624236362369000,0,8.87208181,2218.7300
1624236366182000,0,2.22134184,2218.3800
1624236367791000,0,1.97380000,2218.7000
1624236377612000,0,1.47472345,2219.5400
1624236394835000,0,7.39314635,2220.4000
1624236404532000,0,0.21600000,2220.5100
1624236404532000,0,0.81564964,2220.8300
1624236406106000,0,0.02900000,2221.0700
1624236408122000,0,0.01400000,2221.0700
1624236429137000,1,3.37588058,2220.4600
1624236439265000,1,0.03596000,2220.0200
1624236454738000,0,0.15900000,2221.6400
1624236464897000,0,0.18200000,2222.2000
1624236466681000,0,0.18700000,2222.7600
1624236466681000,0,0.90332459,2223.0000
1624236466845000,0,0.39667541,2223.0000
1624236467232000,0,1.30000000,2222.7500
1624236467563000,0,0.13900000,2223.3200
1624236468566000,1,0.30000000,2222.5700
1624236469054000,1,0.29999999,2221.9900
1624236475490000,0,0.14900000,2223.8800
1624236495333000,0,0.16400000,2224.4400
1624236499658000,0,0.19400000,2225.0000
1624236525543000,0,0.14100000,2225.5600
1624236543136000,1,0.34300000,2222.7100
1624236562783000,1,2.85998928,2222.9200
1624236562793000,1,0.82180083,2222.9200
1624236690088000,0,1.30000000,2225.6200
1624236885089000,0,7.28900000,2229.4800
1624236885313000,0,8.74441734,2230.2700
1624236914933000,1,7.21238778,2228.3400
1624236942372000,1,2.50171351,2227.9900
1624237058581000,0,7.48531189,2232.3600
1624237101017000,0,1.29999999,2234.5800
1624237101030000,0,0.00000001,2234.5800
1624237139037000,1,1.23403825,2234.6400
1624237158052000,0,1.32828455,2236.1900
1624237187510000,0,1.40000000,2239.5600
1624237187510000,0,3.30990566,2239.5700
1624237281088000,0,3.34682090,2241.7400
1624237281187000,0,4.46242000,2241.9400
1624237281191000,0,0.00000786,2241.9400
1624237288450000,0,3.34568266,2242.5700
1624237302753000,0,2.07907533,2242.8100
1624237305650000,1,1.40000000,2241.7800
1624237305726000,1,0.84298587,2241.5300
1624237305732000,1,6.07446416,2241.5300
1624237359014000,1,0.09418000,2239.6800
1624237376406000,1,2.85899672,2238.9200
1624237376433000,1,0.07200328,2238.9200
1624237376433000,1,0.97140965,2238.8800
1624237376523000,1,0.52859035,2238.8800
1624237376523000,1,0.41006680,2238.6100
1624237376611000,1,3.80931654,2238.6100
1624237379625000,0,3.35023463,2239.4600
1624237417291000,1,1.09664868,2238.2300
1624237420309000,1,0.83341520,2238.2300
1624237420314000,1,1.09664868,2238.2300
1624237420390000,1,1.04698439,2238.2300
1624237421519000,1,1.37312170,2238.2300
1624237421554000,1,0.50418135,2238.2300
1624237526834000,0,5.28707557,2236.0300
1624237526836000,0,0.95147427,2236.0300
1624237526836000,0,0.91391607,2236.0300
1624237526838000,0,1.40217260,2236.0300
1624237526842000,0,0.84536149,2236.0300
1624237526901000,0,1.48928814,2236.0700
1624237526940000,0,1.86592742,2236.0700
1624237624473000,0,7.27699999,2233.8400
1624237624689000,0,9.40000000,2233.7300
1624237653471000,0,0.03000000,2233.5400
1624237739442000,1,0.04870500,2231.8800
1624237739442000,1,7.25199708,2231.7000
1624237768377000,1,0.90392234,2228.5100
1624237768377000,1,7.28700000,2228.4500
1624237768381000,1,0.17074014,2228.2900
1624237768488000,1,0.30000000,2228.3600
1624237768488000,1,0.17074014,2228.3100
1624237768488000,1,1.74070000,2228.0200
1624237768488000,1,0.84001329,2227.9700
1624237768488000,1,1.10980089,2227.9300
1624237768488000,1,0.05756194,2227.5900
1624237768488000,1,6.90000000,2227.5600
1624237768488000,1,0.89844783,2227.4900
1624237768488000,1,1.30000000,2227.4600
1624237768596000,1,1.50000000,2227.5700
1624237768596000,1,8.63017495,2227.0800
1624237768596000,1,0.02069631,2227.0800
1624237768598000,1,3.01021329,2227.0800
1624237788382000,1,1.30000000,2226.4000
1624237815949000,1,1.75936488,2228.6600
1624237815949000,1,0.30000000,2228.6400
1624237815949000,1,1.25000000,2228.2400
1624237815949000,1,3.36361703,2228.0500
1624237815949000,1,1.85530000,2227.9800
1624237815949000,1,1.31635738,2227.9700
1624237815949000,1,4.68364262,2227.9700
1624237815949000,1,1.00000000,2227.9700
1624237815949000,1,6.90000000,2227.8800
1624237815949000,1,0.16292704,2227.6900
1624237815949000,1,0.40731537,2227.5500
1624237815949000,1,0.05879378,2227.5400
1624237816007000,1,1.25000000,2228.0000
1624237816350000,1,0.16292558,2227.7400
1624237831126000,1,4.64300000,2225.4400
1624237831235000,1,0.88796996,2224.8500
1624237833321000,1,1.70123938,2224.6600
1624237835938000,0,0.05840611,2226.1400
1624237835938000,0,0.24159389,2226.5100
1624237858777000,1,1.63100000,2224.4400
1624237875448000,0,2.50000000,2226.2200
1624237892372000,1,3.09532758,2223.6800
1624238057372000,1,0.06441000,2223.7100
1624238057490000,1,8.89290885,2222.7100
1624238057490000,1,9.00034425,2222.7000
1624238057490000,1,1.61306561,2222.6900
1624238068523000,1,1.00000000,2221.2800
1624238074047000,0,1.00000000,2222.7600
1624238175811000,0,9.40000000,2221.2100
1624238188052000,1,0.81350935,2220.3900
1624238188074000,1,1.14098621,2220.3900
1624238188091000,1,0.40150444,2220.3900
1624238188091000,1,0.82800000,2220.3900
1624238213925000,0,7.65707632,2220.2800
1624238311754000,0,7.41849554,2221.9000
1624238343646000,0,2.72626054,2220.3700
1624238343647000,0,1.27373946,2220.3700
1624238372109000,1,0.43351465,2220.1900
1624238372109000,1,0.90723190,2220.1600
1624238372202000,1,3.94121730,2219.6900
1624238394526000,1,0.03176000,2219.1300
1624238431316000,1,2.13799999,2219.1300
1624238567059000,1,0.00000001,2219.1300
1624238567059000,1,0.82545354,2219.1300
1624238567060000,1,0.22754646,2219.1300
1624238567060000,1,2.66815488,2219.1300
1624238567061000,1,2.95669918,2219.1300
1624238587397000,1,5.00000000,2220.6700
1624238646732000,1,5.50421845,2219.0600
1624238647249000,1,0.90004584,2218.3000
1624238648327000,1,5.57497789,2218.3000
1624238648482000,1,1.30000000,2218.4300
1624238673936000,1,4.23632585,2217.1000
1624238673942000,1,0.61886273,2217.1000
1624238674003000,1,0.34369539,2216.8800
1624238674320000,1,8.00000000,2215.8900
1624238674339000,1,0.84751756,2215.5700
1624238674339000,1,0.30000000,2215.5400
1624238674339000,1,0.17605815,2215.4900
1624238674339000,1,0.44027616,2215.4900
1624238674339000,1,0.89533786,2215.4800
1624238675023000,1,1.14473071,2215.1400
1624238675023000,1,0.44027616,2215.1400
1624238675023000,1,0.17605815,2215.1400
1624238675023000,1,1.73990000,2214.3700
1624238676097000,0,0.05800000,2214.9600
1624238687575000,1,0.96076102,2214.1200
1624238688367000,1,9.40000000,2213.9900
1624238688370000,1,9.40000000,2213.8700
1624238688374000,1,1.73990000,2213.4300
1624238688381000,1,0.30000000,2213.3300
1624238688387000,1,0.14872004,2213.1800
1624238688387000,1,0.14872004,2213.1800
1624238688387000,1,0.06023423,2213.1700
1624238688387000,1,4.51310499,2213.0100
1624238688482000,1,0.30000000,2213.0400
1624238688482000,1,0.96672390,2212.8400
1624238689266000,1,0.14872004,2212.7200
1624238689266000,1,0.14871996,2212.7200
1624238691539000,0,0.06000000,2212.6800
1624238847187000,1,3.37926032,2218.6600
1624238847187000,1,0.59000000,2218.4000
1624238847277000,0,1.03073968,2218.3500
1624238859611000,1,4.50601216,2218.2700
1624238859611000,1,4.50602674,2218.2600
1624238864819000,1,0.06007000,2218.2700
1624238981216000,1,1.24400000,2215.9000
1624239000344000,1,2.52700000,2214.1400
1624239033515000,0,2.68611916,2217.2600
1624239033540000,0,1.08277390,2217.2600
1624239033654000,0,0.84751757,2217.5900
1624239041716000,0,1.10625841,2218.0100
1624239072179000,1,0.75500000,2216.9500
1624239314662000,1,0.03095000,2216.9200
1624239350779000,1,3.22360934,2215.9200
1624239351004000,1,1.24539066,2215.9200
1624239351004000,1,1.57000000,2215.9200
1624239586577000,1,0.30000000,2204.7400
1624239586577000,1,9.55499879,2204.7400
1624239586577000,1,3.39925922,2204.7300
1624239586577000,1,0.06036728,2204.6400
1624239586577000,1,8.95606952,2204.5100
1624239586577000,1,7.58026371,2204.5000
1624239586577000,1,2.08940000,2204.4900
1624239586577000,1,0.02022664,2204.4800
1624239586577000,1,10.83359726,2204.3700
1624239586577000,1,0.06066348,2204.0700
1624239586577000,1,36.77000000,2204.0200
1624239586577000,1,0.84847125,2203.8100
1624239586577000,1,0.15088533,2203.6500
1624239586577000,1,8.00000000,2203.6400
1624239586577000,1,5.66357136,2203.6300
1624239586577000,1,0.06075574,2203.5800
1624239586577000,1,0.90396504,2203.4700
1624239586577000,1,1.59859335,2203.3700
1624239587085000,1,0.30000000,2204.7500
1624239587085000,1,3.10694494,2204.7500
1624239601433000,0,8.80460239,2205.1200
1624239602512000,0,9.40000000,2205.7800
1624239603387000,0,9.40000000,2205.7300
1624239629851000,0,9.40000000,2207.3000
1624239636836000,1,1.60524894,2206.1900
1624239636836000,1,0.50075106,2206.1900
1624239636836000,1,0.79359039,2206.1800
1624239636836000,1,2.60378359,2206.1800
1624239636836000,1,0.89395147,2206.1600
1624239636850000,1,0.90166052,2205.9300
1624239636884000,1,4.52978515,2205.8800
1624239639628000,0,0.06119419,2204.9000
1624239639628000,0,1.28480581,2204.9000
1624239656324000,0,5.00000000,2203.6700
1624239665606000,1,0.85398219,2203.6600
1624239667592000,0,0.06056126,2204.8700
1624239667592000,0,8.89618792,2204.8700
1624239669515000,1,0.30000000,2203.3600
1624239669515000,1,3.40155869,2203.3500
1624239676210000,1,0.02300000,2202.6600
1624239685673000,0,1.88500000,2203.1500
1624239691200000,0,0.60000000,2203.2700
1624239704157000,1,0.17557092,2201.0000
1624239704158000,1,0.22442908,2201.0000
1624239736706000,0,0.05870573,2204.2300
1624239737489000,0,0.05987416,2204.7100
1624239737489000,0,4.80091143,2204.9000
1624239737494000,0,2.51928079,2204.9000
1624239737494000,0,0.06207649,2205.2000
1624239737606000,0,0.85346565,2204.6600
1624239737887000,0,0.04642570,2204.6600
1624239737932000,0,0.06429644,2204.6600
1624239772046000,1,0.06087000,2202.5700
1624239772218000,1,0.91617269,2201.5500
1624239773784000,0,2.79079763,2202.6500
1624239773785000,0,5.36960451,2202.6500
1624239773805000,0,1.23959786,2202.6500
1624239797186000,1,0.30000000,2203.1200
1624239797186000,1,2.37446248,2203.1100
1624239797187000,1,1.35138051,2203.0800
1624239797188000,1,1.11806284,2203.0800
1624239797214000,1,0.93317048,2203.0800
1624239810099000,0,2.78989281,2204.4000
1624239810709000,0,6.43907000,2204.4000
1624239810813000,0,0.00000224,2204.4000
1624239863323000,0,0.98176419,2205.4800
1624240046663000,1,0.80086705,2209.0700
1624240093735000,1,0.90800000,2206.1900
1624240167459000,1,0.89212280,2207.8100
1624240180029000,1,1.83290165,2206.8200
1624240180126000,1,2.33037047,2206.4900
1624240180126000,1,3.39723025,2206.4700
1624240180126000,1,2.85634493,2206.3500
1624240180211000,1,0.17099454,2206.3400
1624240180211000,1,3.97822567,2206.3400
1624240268393000,0,0.85170949,2211.0200
1624240387708000,0,9.40000000,2214.0400
1624240402670000,1,0.15844343,2213.2900
1624240408882000,1,0.82930000,2215.7600
1624240417463000,1,0.00000132,2215.7600
1624240417463000,1,9.40000000,2214.4100
1624240417463000,1,0.06164173,2214.3000
1624240417463000,1,0.85170948,2214.2000
1624240417463000,1,3.47214747,2214.1300
1624240488551000,0,0.05238408,2213.1700
1624240502691000,0,0.84095683,2212.6400
1624240535286000,1,0.04900000,2211.1300
1624240538895000,1,0.00058000,2211.1300
1624240538895000,1,5.82900000,2211.1300
1624240556474000,1,2.04800000,2209.7800
1624240556704000,1,0.10000000,2209.1700
1624240699662000,1,0.93727864,2206.5200
1624240701076000,0,2.11003789,2207.1900
1624240739188000,0,0.86355877,2205.0400
1624240739205000,0,0.87939476,2205.0400
1624240739206000,0,1.09528221,2205.0400
1624240739371000,0,8.60999515,2205.2900
1624240739372000,0,0.78917732,2205.2900
1624240739674000,1,0.06148348,2203.5200
1624240739674000,1,7.86136920,2203.5000
1624240840526000,0,0.04621042,2211.1300
1624240840687000,0,0.15969312,2211.1300
1624240841997000,0,4.79409646,2211.1300
1624240847481000,1,1.26200000,2210.1700
1624240919649000,1,2.45167305,2213.7600
1624240919794000,1,1.27049426,2213.7600
1624240919804000,1,0.88184928,2213.7600
1624240919887000,1,0.11968641,2213.5400
1624240949092000,1,0.95124402,2214.2400
1624240949097000,1,0.87010555,2214.2400
1624240949106000,1,1.97204882,2214.1300
1624240949109000,1,1.34650376,2214.1300
1624240949123000,1,0.06678676,2214.1300
1624240949226000,1,8.91599684,2214.0100
1624240979628000,1,0.05111000,2210.5500
1624241002499000,1,1.13099872,2210.3500
1624241152032000,1,1.19700000,2213.3400
1624241176359000,1,0.91682358,2212.8900
1624241177877000,1,2.49017642,2212.8900
1624241207707000,0,9.55126111,2214.3600
1624241207801000,0,0.85122584,2214.5300
1624241364620000,1,0.92582307,2217.4300
1624241436905000,1,3.38506835,2214.7700
1624241436913000,1,0.99867751,2214.5900
1624241436920000,1,2.93893989,2214.5900
1624241441257000,0,0.02000000,2215.3800
1624241510990000,1,0.04377998,2213.0500
1624241586900000,1,1.01857801,2210.9900
1624241586924000,1,0.14129531,2210.9900
1624241590349000,1,0.05027000,2210.4000
1624241625170000,1,0.88471179,2209.4900
1624241625171000,1,1.34933146,2209.4900
1624241662680000,1,0.50000000,2208.6700
1624241717637000,1,0.81237260,2208.6400
1624241751106000,1,1.61242788,2205.9000
1624241751129000,1,2.25057212,2205.9000
1624241751129000,1,1.35700000,2205.9000
1624241771786000,1,7.18130000,2203.5000
1624241771943000,1,0.00000247,2203.5000
1624241792876000,0,0.02000000,2202.0600
1624241822083000,0,9.06801302,2202.6600
1624241822227000,0,0.84943669,2203.1000
1624241822227000,0,0.11468442,2203.5000
1624241896413000,1,1.48004000,2200.0000
1624241896653000,1,0.51996000,2200.0000
1624241896653000,1,10.00000000,2200.0000
1624241896653000,1,0.45004500,2200.0000
1624241896653000,1,0.03000000,2200.0000
1624241896653000,1,1.00000000,2200.0000
1624241896653000,1,8.00000000,2199.5800
1624241896653000,1,0.89620367,2199.5000
1624241896653000,1,0.03184126,2199.4600
1624241896653000,1,4.54322501,2199.4500
1624241896653000,1,0.07960316,2199.3600
1624241896653000,1,5.51921911,2199.3400
1624241899251000,1,0.30000000,2199.2500
1624241899255000,1,1.77614470,2199.0300
1624241899338000,1,1.63227979,2199.0300
1624241899338000,1,0.07960316,2198.8500
1624241899338000,1,0.03184126,2198.8500
1624241899338000,1,0.87260930,2198.8400
1624241899340000,1,0.02404529,2198.8400
1624241899340000,1,1.82855807,2198.8000
1624241899341000,1,1.22379253,2198.8000
1624241899342000,1,2.62683507,2198.8000
1624241899359000,1,0.30000000,2198.9000
1624241899378000,1,2.38626355,2198.7700
1624241899378000,1,1.77614470,2198.7700
1624241899379000,1,3.07466930,2198.7700
1624241900411000,1,0.07687898,2197.6200
1624241900411000,1,0.03075159,2197.6200
1624241900662000,1,0.03075159,2197.3900
1624241900662000,1,0.07687898,2197.3900
1624241900662000,1,6.69236943,2197.3800
1624241900699000,1,0.10763057,2197.3800
1624241900938000,1,1.02992656,2196.2300
1624241902971000,0,0.50000000,2197.9000
1624241904527000,0,6.00000000,2197.8800
1624241908855000,1,0.10000000,2197.0600
1624241928163000,0,9.40000000,2198.5100
1624241928213000,0,0.06006185,2198.5800
1624241953068000,0,8.67190692,2204.3500
1624241953068000,0,0.10809308,2204.3500
1624241953090000,0,3.79000000,2204.3500
1624241954337000,1,0.30000000,2202.3800
1624241954505000,1,0.02582533,2201.8900
1624241954505000,1,0.06456333,2201.8900
1624241954505000,1,0.02582603,2201.8300
1624241954913000,1,0.06456333,2201.7400
1624241954913000,1,0.02582533,2201.7400
1624241954913000,1,0.02582603,2201.7400
1624241954913000,1,1.02992000,2201.7300
1624241979203000,1,0.02450000,2202.4300
1624241999366000,0,1.38544591,2204.8100
1624241999367000,0,6.08500872,2204.8100
1624242017494000,0,1.98884999,2207.6700
1624242174277000,0,3.40100084,2206.5100
1624242174369000,0,0.06045792,2206.7600
1624242174496000,0,0.06232318,2207.2400
1624242174496000,0,1.50000000,2207.2400
1624242174496000,0,5.66805689,2207.2500
1624242176490000,0,0.06106766,2208.2000
1624242176569000,0,0.00000001,2208.2000
1624242206988000,1,0.06000000,2211.3800
1624242206988000,1,0.06037164,2210.9800
1624242206988000,1,9.40000000,2210.8700
1624242206988000,1,0.06196645,2210.5200
1624242262450000,1,0.50000000,2210.3800
1624242285476000,1,0.25000000,2208.3700
1624242285476000,1,8.79902010,2208.3700
1624242285627000,1,0.05415970,2208.3700
1624242298659000,0,1.00000000,2208.3700
1624242306490000,1,0.04000000,2207.1600
1624242328639000,1,4.08215237,2205.4700
1624242354989000,1,0.99900622,2205.1400
1624242354992000,1,0.81937315,2205.1400
1624242355029000,1,1.87862063,2205.1400
1624242372011000,1,0.98200000,2204.5400
1624242372193000,1,3.40175705,2203.5300
1624242372193000,1,0.07019039,2203.4800
1624242397939000,0,5.92799232,2205.6200
1624242398056000,0,0.53793761,2206.0900
1624242398166000,0,1.34482176,2206.2400
1624242398271000,0,0.48930666,2206.4000
1624242398271000,0,19.32857467,2206.4100
1624242547813000,1,5.92799232,2200.2100
1624242547813000,1,8.71942270,2200.2000
1624242547873000,1,2.42861148,2199.9000
1624242559806000,1,0.85164586,2197.6500
1624242559806000,1,0.30000000,2197.4600
1624242559806000,1,0.06652471,2197.4000
1624242559806000,1,7.85699999,2197.3700
1624242559881000,1,1.98110000,2197.0700
1624242559881000,1,0.07640318,2197.0300
1624242560013000,1,0.06586664,2197.0800
1624242560013000,1,9.93413336,2197.0200
1624242560013000,1,0.06586664,2197.0200
1624242584729000,1,0.06610563,2195.8000
1624242584729000,1,0.16523550,2195.8000
1624242584730000,1,1.98110000,2195.4800
1624242584938000,1,0.42952783,2195.1200
1624242584938000,1,1.98110000,2194.8300
1624242584938000,1,0.91014711,2194.8100
1624242584938000,1,0.21865229,2194.4800
1624242585034000,1,0.16523550,2194.8400
1624242585034000,1,0.06610563,2194.8400
1624242585034000,1,1.08134771,2194.4800
1624242585034000,1,0.91364695,2194.3000
1624242590243000,1,4.60499999,2193.6000
1624242590243000,1,0.00000001,2193.6000
1624242641401000,1,5.04324222,2193.0700
1624242641404000,1,1.98110000,2192.6000
1624242641404000,1,0.12712930,2192.5400
1624242641404000,1,0.05085172,2192.5400
1624242641404000,1,0.30000000,2192.3900
1624242641436000,1,0.85164586,2192.2800
1624242641436000,1,0.92217021,2192.2200
1624242641436000,1,0.33053650,2192.1700
1624242641436000,1,3.41796713,2191.9300
1624242641436000,1,2.49961487,2191.8800
1624242641441000,1,2.05770750,2191.8800
1624242641441000,1,1.30000000,2191.4700
1624242641441000,1,0.90773931,2191.4600
1624242641442000,1,0.91166142,2190.8000
1624242641442000,1,1.49489701,2190.7300
1624242641454000,1,2.40655843,2190.7300
1624242641467000,1,0.76342970,2190.7300
1624242641582000,1,0.85750172,2191.2900
1624242641582000,1,0.04969186,2190.7400
1624242641582000,1,0.32299721,2190.7400
1624242641582000,1,0.00159701,2190.7300
1624242641584000,1,3.03351785,2190.7300
1624242641584000,1,2.92695504,2190.6100
1624242641682000,1,0.12422966,2190.7400
1624242641686000,1,0.90317872,2190.4600
1624242642120000,0,0.85750173,2192.1800
1624242642126000,1,6.90000000,2192.6100
1624242642193000,1,1.98110000,2192.6100
1624242642246000,1,0.26139827,2192.6100
1624242643376000,1,4.66400000,2191.4700
1624242643649000,0,0.30000000,2192.1900
1624242643649000,0,5.92799232,2192.2000
1624242643652000,0,3.47200768,2192.2000
1624242643806000,0,1.00000000,2192.8200
1624242643851000,0,1.00000000,2193.4800
1624242643851000,0,5.92799232,2193.4800
1624242643851000,0,0.26643788,2193.4800
1624242644035000,0,1.50000000,2193.8600
1624242644035000,0,1.00000000,2193.8600
1624242644035000,0,7.54656982,2193.8700
1624242688947000,0,0.09706820,2193.3500
1624242701683000,1,0.96387180,2190.8900
1624242701687000,1,0.82470252,2190.8900
1624242701691000,1,0.82242433,2190.8900
1624242701695000,1,1.56511224,2190.8900
1624242701699000,1,0.84976254,2190.8900
1624242714696000,1,0.02036745,2189.2400
1624242714696000,1,9.40000000,2189.2400
1624242716359000,1,3.99999999,2188.8800
1624242725841000,0,7.41700000,2191.4500
1624242758322000,1,0.00000001,2188.8800
1624242763577000,0,8.82546642,2188.8800
1624242763689000,0,1.17453358,2188.8800
1624242786887000,0,0.02000000,2190.2400
1624242789016000,1,4.08657055,2189.2200
1624242789021000,1,2.76259924,2189.2200
1624242789037000,1,2.55083021,2189.2200
1624242789074000,1,2.94103036,2189.2300
1624242789075000,1,2.98696196,2189.2300
1624242792917000,1,0.04200000,2188.6100
1624242819379000,1,0.00005000,2188.6100
1624242822686000,0,1.00000000,2188.0800
1624242832656000,1,0.61918979,2187.4000
1624242843314000,0,6.51622410,2188.2100
1624242848466000,0,3.42777874,2189.0300
1624242917503000,0,9.28223095,2192.4200
1624242917503000,0,2.73365875,2192.4300
1624242919382000,0,7.41199999,2192.6600
1624242919407000,0,0.00000001,2192.6600
1624243012225000,1,7.49905031,2193.6700
1624243023320000,1,5.27872234,2193.8000
1624243023435000,1,2.55665794,2193.4500
1624243029484000,1,1.85000000,2192.6500
1624243029900000,1,2.89400000,2192.5500
1624243067461000,1,9.40310317,2187.2900
1624243076575000,0,2.23793473,2189.0200
1624243076584000,0,0.95639884,2189.0200
1624243076584000,0,0.45669709,2189.0300
1624243076592000,0,5.28309751,2189.0300
1624243115012000,1,5.92799232,2186.3900
1624243115012000,1,1.50000000,2186.3800
1624243115012000,1,8.62300683,2186.3700
1624243115028000,1,16.05099915,2186.3700
1624243115035000,1,8.92356167,2186.3700
1624243115038000,1,1.00000000,2186.3800
1624243115038000,1,4.85786073,2186.3700
1624243115042000,1,12.21481689,2186.3700
1624243115141000,1,1.00000000,2186.3800
1624243115158000,1,1.22957016,2186.3700
1624243115160000,1,2.78357540,2186.3700
1624243115195000,1,0.90764820,2186.3700
1624243141686000,0,0.96758701,2185.9600
1624243253020000,0,2.97040142,2185.4400
1624243253148000,0,0.81389342,2185.7700
1624243253550000,1,1.58981180,2183.8800
1624243270256000,0,0.86119951,2187.6400
1624243294768000,1,1.30000000,2183.5900
1624243302875000,0,0.06080164,2182.7600
1624243302875000,0,0.30000000,2183.2400
1624243302875000,0,4.14651189,2183.2500
1624243302875000,0,0.56325710,2183.2600
1624243302972000,0,0.06091891,2183.2600
1624243302972000,0,8.09761417,2183.2700
1624243303068000,0,1.24146692,2183.1600
1624243303148000,0,1.47524633,2183.1600
1624243303160000,0,2.51298576,2183.1600
1624243303161000,0,1.85482283,2183.1600
1624243320134000,1,0.05790896,2182.4700
1624243320134000,1,1.00000000,2182.1500
1624243320134000,1,0.30000000,2182.1400
1624243320136000,1,3.93495777,2182.1200
1624243324472000,1,5.92799232,2182.2200
1624243324473000,1,1.25260764,2182.1000
1624243324548000,1,0.02000000,2182.2200
1624243324548000,1,0.30000000,2181.8600
1624243324548000,1,0.03740093,2181.6200
1624243324548000,1,0.09350833,2181.5500
1624243328760000,1,2.40919760,2181.9900
1624243328767000,1,2.40919760,2181.9900
1624243333892000,0,0.50000000,2182.8000
1624243390707000,0,0.00910867,2184.7300
1624243390785000,1,0.03931999,2183.8000
1624243390794000,1,0.00000001,2183.8000
1624243409675000,1,9.54163287,2182.6200
1624243419108000,1,7.00694140,2181.4700
1624243419191000,1,1.73668954,2181.4400
1624243419218000,1,4.95820079,2181.4400
1624243419246000,1,0.06236938,2181.1200
1624243419258000,1,0.92102970,2180.8200
1624243419271000,1,0.05953837,2180.6300
1624243419271000,1,3.05338200,2180.5200
1624243419361000,1,4.33345839,2180.5300
1624243419412000,1,0.47212706,2180.3400
1624243419412000,1,0.90512555,2180.2500
1624243419412000,1,4.88950549,2180.1500
1624243419527000,1,1.30000000,2180.8500
1624243419527000,1,0.50000000,2180.0000
1624243419527000,1,0.05908014,2179.9700
1624243420022000,1,0.77244492,2180.8300
1624243420887000,0,9.40000000,2181.3300
1624243424091000,0,0.05900000,2181.4100
1624243457440000,0,0.92320929,2184.7700
1624243457440000,0,9.00671704,2184.9400
1624243457440000,0,4.84824647,2184.9500
1624243465329000,0,5.92799232,2184.9800
1624243465329000,0,7.43700000,2184.9900
1624243465329000,0,3.38439819,2185.0500
1624243465433000,0,5.98605616,2185.0500
1624243465433000,0,1.00000000,2185.0500
1624243465433000,0,1.03157392,2185.2200
1624243465551000,0,8.70772431,2185.2300
1624243467499000,0,0.11385637,2184.7700
1624243487475000,1,8.91919675,2181.7800
1624243492441000,1,5.22872915,2181.2500
1624243492449000,1,1.46476741,2181.2500
1624243492464000,1,0.85981075,2181.2500
1624243492469000,1,1.18159620,2181.2500
1624243537097000,1,0.06000000,2179.7000
1624243537100000,1,3.28100000,2179.7000
1624243564945000,0,3.67153540,2181.5800
1624243564995000,0,1.28437324,2181.5800
1624243564996000,0,0.90858467,2181.5800
1624243565049000,0,1.58750669,2181.5800
1624243577485000,0,3.21221832,2184.0000
1624243634794000,1,1.17300000,2178.8200
1624243731400000,1,1.00000000,2176.6700
1624243735008000,1,5.50655619,2176.5300
1624243781651000,0,0.03025352,2178.9200
1624243804223000,0,1.30545432,2178.9200
1624243804225000,0,1.31027986,2178.9200
1624243804247000,0,0.82762933,2178.9200
1624243808062000,1,3.26202574,2178.9000
1624243808065000,1,5.11673713,2178.9000
1624243808067000,1,1.02123713,2178.9000
1624243808842000,1,0.06129869,2178.3100
1624243847549000,0,1.40000000,2182.7600
1624243847549000,0,3.30678839,2182.7700
1624243906972000,1,1.40000000,2180.2900
1624243906972000,1,5.94608720,2180.2800
1624243906981000,1,0.98442039,2180.2700
1624243906983000,1,0.84474458,2180.2700
1624243907046000,1,0.95234076,2180.2700
1624243907559000,1,0.10136667,2179.4300
1624243950129000,0,3.29930770,2180.9700
1624243969785000,0,0.92460027,2183.4300
1624243969891000,0,9.29147267,2183.5400
1624244045768000,0,0.91670213,2184.5700
1624244045768000,0,1.13981658,2184.5800
1624244045795000,0,1.25570327,2184.5800
1624244045795000,0,1.03908892,2184.5800
1624244125698000,1,8.87286067,2184.4600
1624244154891000,1,0.84274977,2186.0300
1624244154892000,1,0.97495163,2186.0300
1624244154893000,1,1.14847931,2186.0300
1624244154899000,1,1.20784405,2186.0300
1624244154929000,1,1.00744925,2185.9400
1624244154950000,1,0.96805414,2185.9400
1624244160239000,1,0.91900000,2186.0300
1624244235692000,0,1.00000000,2188.8800
1624244326043000,0,0.91941520,2188.1300
1624244326043000,0,1.63828844,2188.1400
1624244447487000,1,0.05824000,2186.5000
1624244447487000,1,1.68756169,2186.5000
1624244477603000,1,0.71143831,2186.5000
1624244477603000,1,1.05191056,2186.5000
1624244478134000,1,0.48208944,2186.5000
1624244627518000,1,0.02307970,2182.6300
1624244627518000,1,3.85599649,2182.5700
1624244627613000,1,0.05769924,2182.5700
1624244627623000,1,0.15002352,2182.1400
1624244627623000,1,3.39225600,2181.8700
1624244627623000,1,7.86320576,2181.8600
1624244627623000,1,2.02050000,2181.8500
1624244627623000,1,9.23659667,2181.7600
1624244627623000,1,1.30000000,2181.6700
1624244627623000,1,2.89129194,2181.6500
1624244627709000,1,1.71624998,2181.8800
1624244627732000,1,0.90482389,2181.8800
1624244709750000,1,0.01762069,2182.6900
1624244709750000,1,0.08214954,2182.6800
1624244759729000,0,8.15137217,2184.5600
1624244759730000,0,0.99890656,2184.5600
1624244794023000,1,2.64795781,2180.9400
1624244794037000,1,1.17446061,2180.9400
1624244804162000,1,0.03701278,2178.7300
1624244804162000,1,0.01480511,2178.7300
1624244804162000,1,7.45100000,2178.7200
1624244811601000,0,5.92799232,2178.4700
1624244811601000,0,0.88004142,2178.4800
1624244811691000,0,2.42728718,2178.4800
1624244811698000,0,5.92799232,2178.4800
1624244837490000,1,2.69750981,2175.0000
1624244840194000,1,1.00000000,2174.5300
1624244847131000,1,0.02050919,2174.1100
1624244848876000,0,0.06000000,2174.0800
1624244875661000,0,0.08691234,2175.1800
1624244927484000,0,6.81855183,2179.3400
1624244969965000,0,0.83457857,2182.0500
1624244969978000,0,1.65495463,2182.0500
1624244969979000,0,1.68702740,2182.0500
1624244969983000,0,1.53949267,2182.0500
1624245065190000,0,0.02000000,2183.6200
1624245071630000,1,0.94047786,2182.2000
1624245071631000,1,6.77256926,2182.2000
1624245071631000,1,1.26999416,2182.2000
1624245078135000,1,1.55060000,2182.5500
1624245078182000,1,0.00000075,2182.5500
1624245078951000,1,0.02438192,2181.0300
1624245086734000,1,1.05847000,2181.5600
1624245086750000,1,0.00000962,2181.5600
1624245102982000,1,1.03657998,2180.4300
1624245102982000,1,1.88727969,2180.4300
1624245102994000,1,0.51389929,2180.4300
1624245103013000,1,4.58364493,2180.3100
1624245103013000,1,0.14173652,2180.1200
1624245103083000,1,0.06057641,2180.1100
1624245103097000,1,1.00000000,2179.9000
1624245107621000,0,9.15749100,2180.9500
1624245113134000,0,0.05331182,2179.8800
1624245192457000,1,1.00000000,2179.0900
1624245280192000,1,0.04840000,2180.3500
1624245280470000,0,0.85100000,2180.0000
1624245284305000,0,0.00060000,2180.0000
1624245284399000,0,2.79430822,2181.8300
1624245310659000,1,4.59434683,2180.9800
1624245316156000,1,0.03000000,2180.0000
1624245316456000,0,9.10950595,2181.1600
1624245430612000,0,9.45229209,2183.8300
1624245468651000,1,2.93567000,2183.3900
1624245468717000,1,2.45000000,2183.3900
1624245468793000,1,4.01433000,2183.3900
1624245495970000,1,0.84332790,2184.1500
1624245513263000,1,1.00000000,2180.3900
1624245586609000,1,3.31696357,2182.0500
1624245622338000,0,1.21298577,2183.9400
1624245622352000,0,2.22245830,2183.9400
1624245622416000,0,5.72699815,2184.3000
1624245663313000,1,0.96063378,2183.4700
1624245663358000,1,0.20236622,2183.4700
1624245707436000,1,1.05387269,2182.9300
1624245707436000,1,2.08388926,2182.9300
1624245707437000,1,4.18480163,2182.9300
1624245707439000,1,1.65141819,2182.9300
1624245707447000,1,1.00000000,2182.8800
1624245707597000,1,3.31100000,2182.6900
1624245955687000,1,0.40000000,2178.2600
1624246044334000,1,0.06115345,2177.5500
1624246072097000,0,0.15000000,2174.4900
1624246112819000,1,0.04135000,2173.5100
1624246201268000,0,0.86160379,2176.4200
1624246223084000,1,0.10000000,2177.0300
1624246265877000,0,9.09133768,2180.9300
1624246301340000,1,0.44690473,2178.8300
1624246386359000,1,1.93819669,2173.7500
1624246386359000,1,3.74805911,2173.7500
1624246408734000,1,2.20000000,2174.0000
1624246408796000,1,2.30000000,2174.0000
1624246408798000,1,0.84463227,2174.0000
1624246408809000,1,1.32307167,2174.0000
1624246408866000,1,3.45000000,2174.0000
1624246408871000,1,0.93194464,2174.0000
1624246408887000,1,1.18303854,2174.0000
1624246408899000,1,1.79145836,2174.0000
1624246408924000,1,3.55000000,2174.0000
1624246408963000,1,0.92952432,2174.0000
1624246408972000,1,1.52587828,2174.0000
1624246408988000,1,1.99909369,2174.0000
1624246408989000,1,1.63237293,2174.0000
1624246408990000,1,2.50611021,2174.0000
1624246408991000,1,1.00215300,2174.0000
1624246408996000,1,2.00000000,2174.0000
1624246409061000,1,3.25000000,2174.0000
1624246409073000,1,1.75282852,2174.0000
1624246409137000,1,1.89290736,2174.0000
1624246428655000,0,1.00000000,2172.3000
1624246428655000,0,5.92799232,2172.3000
1624246428655000,0,2.49493325,2172.3100
1624246428657000,0,0.97707443,2172.3100
1624246428657000,0,5.92799232,2172.3100
1624246428758000,0,6.48000000,2172.4200
1624246433194000,1,0.00937265,2170.3500
1624246433194000,1,0.06458622,2170.0300
1624246433194000,1,0.50000000,2170.0000
1624246438497000,1,0.00937774,2169.0800
1624246438497000,1,11.62226231,2169.0300
1624246438497000,1,0.00957356,2168.9500
1624246438497000,1,9.56671974,2168.8700
1624246438497000,1,7.81029403,2168.8700
1624246438497000,1,1.00000000,2168.8700
1624246438497000,1,0.86405930,2168.8600
1624246438497000,1,7.48300000,2168.8500
1624246438517000,0,9.16408439,2168.8300
1624246438518000,0,0.71609878,2168.8300
1624246440336000,1,0.35400000,2168.7500
1624246440336000,1,1.30000000,2168.3000
1624246440355000,1,0.00957356,2168.1000
1624246440355000,1,0.02301564,2168.0900
1624246440355000,1,0.05974890,2167.8900
1624246440355000,1,0.84699118,2167.8800
1624246441109000,0,8.85258000,2168.6100
1624246441195000,0,0.54742000,2168.6100
1624246441655000,0,0.05795315,2169.4700
1624246441657000,0,0.00000001,2169.4700
1624246441673000,0,7.20000000,2169.5200
1624246441673000,0,0.06197789,2169.5300
1624246471204000,1,0.30000000,2167.3200
1624246471204000,1,0.20000000,2167.3200
1624246488223000,0,0.77454927,2169.1100
1624246498347000,0,1.66060634,2170.6400
1624246502304000,0,0.93628155,2172.0100
1624246504657000,0,2.16000000,2172.4000
1624246504698000,0,6.82536489,2172.4000
1624246504698000,0,2.16463511,2172.4100
1624246524640000,1,0.00932248,2170.4500
1624246524640000,1,9.40000000,2170.4400
1624246524640000,1,0.59067752,2170.4000
1624246546081000,1,3.00000000,2169.5000
1624246577469000,1,0.33840000,2166.5300
1624246577572000,1,0.01209579,2166.1500
1624246577572000,1,0.03024088,2166.1500
1624246577572000,1,7.17960338,2166.0000
1624246577703000,1,4.51699706,2166.0000
1624246579608000,1,0.84805318,2166.0000
1624246579633000,1,3.30000000,2166.0000
1624246579704000,1,2.70000000,2166.0000
1624246579758000,1,2.45599734,2166.0000
1624246594509000,1,1.13402708,2166.3300
1624246595585000,1,1.83157000,2166.3300
1624246595637000,1,0.56440292,2166.3300
1624246602397000,0,3.19800000,2166.8500
1624246602399000,0,4.74617342,2166.8500
1624246621959000,0,7.05000000,2167.5900
1624246706160000,1,0.91074024,2166.1500
1624246814964000,0,0.00930297,2165.8500
1624246901290000,1,0.05000000,2164.4500
1624246901436000,1,2.82600000,2164.4500
1624246901436000,1,1.01000000,2164.4500
1624246901507000,1,0.91908331,2163.4600
1624246901507000,1,0.02587013,2163.3000
1624246901507000,1,0.05723851,2163.2900
1624246901507000,1,0.90077343,2163.1100
1624246915409000,1,2.02069000,2165.7200
1624246946776000,1,1.35258270,2164.8500
1624246946887000,1,8.04741730,2164.8500
1624246973809000,0,7.50500000,2165.7000
1624246974071000,0,0.82386252,2166.1000
1624246974072000,0,1.12018504,2166.1000
1624246975485000,0,0.02086429,2166.3800
1624247022951000,1,4.84808318,2165.6200
1624247022951000,1,3.91205578,2165.6100
1624247041744000,1,0.03241999,2165.5500
1624247048338000,1,0.00000001,2165.5500
1624247100592000,1,5.00000000,2167.9900
1624247117704000,0,1.37376652,2170.1800
1624247117808000,0,6.75000000,2170.2200
1624247117886000,0,2.20000000,2170.2200
1624247117967000,0,0.43083000,2170.2200
1624247121190000,0,4.55422580,2171.9300
1624247121190000,0,1.04577420,2171.9300
1624247183663000,0,3.00000000,2171.0000
1624247202081000,1,0.02000000,2167.6600
1624247210869000,1,9.27687921,2165.9700
1624247210870000,1,0.12312079,2165.9700
1624247237245000,1,0.72000000,2162.2700
1624247237897000,1,2.50000000,2162.2700
1624247263703000,1,14.06518981,2160.0000
1624247263980000,1,0.50274537,2160.0000
1624247263980000,1,0.04840000,2160.0000
1624247263980000,1,0.85100000,2160.0000
1624247263980000,1,0.00060000,2160.0000
1624247264097000,1,0.01151950,2159.2200
1624247264097000,1,1.89144588,2159.1700
1624247267511000,1,2.86580208,2159.0900
1624247267731000,1,1.09106000,2159.0900
1624247267732000,1,0.00000283,2159.0900
1624247267732000,1,0.02065196,2159.0800
1624247269800000,0,0.06000000,2159.0600
1624247312201000,1,3.70000000,2162.6800
1624247316778000,1,2.47251000,2162.6800
1624247316797000,1,1.27749000,2162.6800
1624247354460000,0,0.97253268,2160.5800
1624247354462000,0,6.54846732,2160.5800
1624247363821000,1,0.02000000,2158.4400
1624247417495000,0,9.48328640,2163.7100
1624247497131000,0,0.00921270,2160.0600
1624247568706000,1,0.05913857,2164.7100
1624247580337000,1,4.80651283,2164.1400
1624247580350000,1,0.85372827,2164.1400
1624247580350000,1,0.84402681,2164.1400
1624247580361000,1,2.05670902,2164.1400
1624247580417000,1,0.83902307,2164.1400
1624247629256000,1,9.61093151,2158.9300
1624247629256000,1,0.38906849,2158.9100
1624247652911000,1,1.07106000,2158.2100
1624247653021000,1,0.00000347,2158.2100
1624247670652000,1,0.01000000,2159.4300
1624247794958000,0,0.20431548,2165.4300
1624247794984000,0,0.89199416,2165.4500
1624247794985000,0,6.29926177,2165.4500
1624247795089000,0,1.96000278,2165.6000
1624247795091000,0,1.63459185,2165.6000
1624247795164000,0,7.50200000,2165.6600
1624247795318000,0,0.92889261,2166.0200
1624247854177000,1,0.09999999,2160.6600
1624247854248000,1,0.00000001,2160.6600
1624247867518000,1,8.20689866,2159.3100
1624247875315000,1,1.15635411,2156.7600
1624247875315000,1,0.04747619,2156.1200
1624247875315000,1,0.01899276,2156.1200
1624247875315000,1,0.92659903,2156.1100
1624247875315000,1,1.85057791,2155.9100
1624247875431000,1,1.37323541,2155.9200
1624247887339000,0,0.05975413,2158.1600
1624247887339000,0,0.87000323,2158.1900
1624247887339000,0,0.54955553,2158.2400
1624247887339000,0,1.40258375,2158.3000
1624247887624000,0,0.05840222,2158.6200
1624247887747000,0,0.91237492,2158.8200
1624247891309000,1,0.06100000,2158.4300
1624247891346000,1,0.00026794,2158.4300
1624247914167000,0,0.19102467,2157.4700
1624247930953000,1,4.05950000,2155.1100
1624247931148000,1,0.00002603,2155.1100
1624247931148000,1,4.99997397,2154.7800
1624247950958000,0,9.40000000,2157.1700
1624247979655000,1,3.47733288,2155.6800
1624248010548000,0,9.40000000,2157.8800
1624248010548000,0,6.67759018,2158.0000
1624248010586000,0,0.44799000,2157.8700
1624248010590000,0,0.00000416,2157.8700
1624248011592000,0,3.72307000,2158.9900
1624248011741000,0,1.90000000,2158.9900
1624248011754000,0,0.06100000,2158.9900
1624248058007000,1,4.72676200,2155.7300
1624248058030000,1,4.67323800,2155.7300
1624248066910000,1,0.00002603,2154.7800
1624248066910000,1,0.03397397,2154.7800
1624248070130000,1,0.00048603,2154.7800
1624248077483000,1,3.87312779,2150.5900
1624248077592000,0,9.54809404,2152.7700
1624248078124000,1,0.90800000,2151.1300
1624248090067000,0,0.96090882,2151.6400
1624248090105000,0,6.15594383,2151.6400
1624248090202000,0,2.28314000,2151.6400
1624248093443000,1,0.03234622,2150.8500
1624248093837000,0,2.46686000,2151.2400
1624248093905000,0,2.53314000,2151.2400
1624248103053000,1,1.43382387,2150.0300
1624248103054000,1,4.49416845,2150.0300
1624248103222000,1,1.00000000,2150.0000
1624248103222000,1,8.04338674,2150.0000
1624248103224000,1,1.95661326,2150.0000
1624248104937000,1,4.64900000,2148.7700
1624248105119000,0,9.40000000,2149.4200
1624248105614000,1,0.30000000,2148.6300
1624248106179000,1,3.48824508,2148.3500
1624248106181000,1,0.07690049,2148.1500
1624248106181000,1,0.03076020,2148.1500
1624248106181000,1,4.65104870,2148.1400
1624248106195000,1,0.20186791,2147.8600
1624248108294000,0,0.20000000,2147.2200
1624248110265000,0,0.06104000,2148.3900
1624248119671000,0,5.92799232,2152.7000
1624248119671000,0,9.40000000,2152.7100
1624248119671000,0,0.76115547,2152.8200
1624248119674000,0,8.63884453,2152.8200
1624248119674000,0,1.50000000,2153.0300
1624248119740000,0,1.50000000,2152.8200
1624248120086000,0,1.37641554,2154.0300
1624248120086000,0,0.55057535,2154.0300
1624248120502000,0,1.26510000,2154.5000
1624248120658000,0,0.55063729,2154.5000
1624248123181000,1,0.06146222,2154.3400
1624248123908000,1,0.05999999,2153.4800
1624248123945000,1,0.00000001,2153.4800
1624248124043000,1,5.00000000,2154.3400
1624248125992000,1,0.05821000,2152.1100
1624248130733000,1,0.04221226,2150.5400
1624248130733000,1,0.06000000,2150.3500
1624248149795000,1,0.10269855,2148.6400
1624248150344000,1,0.03726000,2147.5700
1624248155064000,1,0.03400729,2148.0600
1624248155064000,1,0.03642744,2147.9200
1624248161132000,0,11.50322356,2149.5300
1624248161162000,0,3.50000000,2149.5300
1624248161232000,0,0.49732997,2149.5300
1624248166960000,1,9.40000000,2151.2400
1624248166960000,1,0.03279225,2150.8200
1624248166960000,1,0.06099841,2150.8100
1624248166960000,1,0.30000000,2150.7200
1624248166960000,1,0.95620934,2150.7200
1624248218064000,1,0.07721000,2151.5600
1624248218076000,1,0.00000241,2151.5600
1624248235196000,1,1.00000000,2147.4600
1624248246155000,1,4.00000000,2145.7800
1624248250816000,0,0.06113000,2145.1900
1624248253700000,0,1.18610000,2146.0200
1624248264604000,0,1.57937476,2147.2600
1624248264625000,0,0.86991678,2147.2600
1624248264628000,0,2.39075031,2147.2600
1624248264668000,0,1.82500023,2147.2600
1624248264676000,0,2.48623011,2147.2600
1624248268776000,1,0.02874085,2145.8000
1624248268776000,1,0.07184207,2145.6000
1624248268778000,1,0.00000001,2145.6000
1624248268780000,1,0.02874192,2145.3500
1624248268868000,1,3.49429451,2144.6500
1624248277564000,1,0.02079576,2144.1500
1624248278002000,1,1.29999999,2142.9800
1624248278143000,1,0.05248531,2142.8400
1624248278143000,1,0.02073711,2142.8400
1624248278977000,1,1.98422061,2141.9000
1624248278977000,1,2.12954722,2141.9000
1624248278979000,1,0.01954758,2141.5100
1624248278979000,1,0.05796261,2141.5000
1624248278979000,1,0.87065953,2141.4900
1624248279036000,1,2.41367097,2141.7400
1624248279037000,1,2.41367097,2141.7400
1624248279037000,1,2.75365806,2141.7400
1624248279037000,1,0.04883067,2140.8800
1624248279037000,1,0.01953227,2140.8800
1624248279037000,1,0.04800000,2140.7900
1624248279043000,1,2.41367097,2140.9100
1624248279044000,1,3.21822797,2140.9100
1624248279260000,1,0.57933369,2140.4000
1624248330331000,1,3.62995000,2141.8000
1624248330402000,1,3.20000000,2141.8000
1624248330493000,1,1.80000000,2141.8000
1624248330644000,1,0.12000000,2141.8000
1624248330678000,1,0.00005000,2141.8000
1624248338188000,1,0.06133512,2137.9700
1624248338252000,1,0.00000001,2137.9700
1624248338500000,0,0.05900000,2138.6300
1624248340046000,0,0.05765376,2139.9200
1624248340046000,0,0.05891463,2139.9300
1624248350486000,0,1.50000000,2137.8100
1624248360824000,1,9.40000000,2137.7900
1624248360824000,1,1.56171129,2137.6800
1624248360827000,1,7.83828871,2137.6800
1624248360827000,1,1.50000000,2137.5900
1624248360827000,1,0.06171130,2137.5800
1624248360871000,1,0.06175683,2137.1100
1624248360881000,1,0.00966299,2136.6800
1624248360881000,1,0.06009243,2136.6700
1624248360883000,1,1.50000000,2137.4900
1624248369026000,0,0.02099028,2137.2000
1624248369562000,1,0.10200000,2135.9400
1624248373036000,0,0.10000000,2135.5000
1624248373415000,1,0.21600000,2133.8000
1624248374024000,1,6.50000000,2132.1100
1624248374035000,0,0.06000000,2133.4300
1624248388179000,0,7.60399999,2138.2800
1624248388180000,0,0.00000001,2138.2800
1624248409646000,0,1.99999999,2137.1300
1624248409738000,0,0.87065954,2137.0300
1624248409738000,0,0.00000001,2137.1300
1624248417039000,1,0.01882952,2134.6300
1624248417039000,1,0.04898240,2134.4300
1624248417243000,1,0.00000001,2134.4300
1624248418858000,0,0.05989431,2134.6700
1624248421594000,1,0.11872779,2132.4500
1624248446570000,0,4.32859019,2134.0000
1624248446570000,0,5.63189894,2134.1900
1624248446575000,0,0.06036989,2134.3400
1624248446662000,0,0.06040454,2134.8600
1624248446662000,0,0.87065954,2134.8900
1624248446662000,0,0.55544081,2134.9200
1624248446662000,0,3.51615090,2134.9400
1624248446803000,0,0.23075631,2135.2800
1624248446803000,0,0.05826767,2135.3700
1624248448675000,0,0.47552000,2135.4700
1624248449332000,1,0.06155475,2134.9800
1624248449349000,1,0.00000001,2134.9800
1624248454882000,0,9.40000000,2133.8300
1624248454882000,0,0.06122317,2133.9000
1624248454882000,0,1.00000000,2134.2500
1624248464085000,1,0.06079486,2131.0000
1624248465913000,1,9.99999999,2130.0000
1624248465921000,1,0.00000001,2130.0000
1624248467177000,1,0.02094049,2129.3300
1624248467187000,1,0.00000001,2129.3300
1624248476373000,0,0.80239025,2132.6400
1624248476374000,0,0.63464130,2132.6400
1624248481619000,1,0.05768561,2132.8900
1624248484039000,0,0.05893000,2132.2100
1624248497503000,0,5.35817592,2137.9700
1624248497503000,0,3.89630246,2137.9700
1624248533738000,0,0.19200000,2134.0600
1624248536855000,1,0.05611330,2130.6900
1624248536855000,1,0.28512461,2130.3100
1624248551035000,0,2.00000000,2128.7600
1624248551106000,0,3.35000000,2128.7600
1624248551160000,0,4.55200000,2128.7600
1624248551179000,0,3.51231000,2128.7600
1624248551253000,0,4.05000000,2128.7600
1624248551329000,0,0.59819000,2128.7600
1624248558783000,0,9.14508326,2130.2400
1624248565191000,1,1.30000000,2126.5300
1624248576439000,0,0.05760142,2129.7000
1624248576443000,0,0.00000001,2129.7000
1624248606184000,0,1.85781865,2127.7500
1624248606184000,0,0.30767508,2127.7500
1624248606184000,0,0.55737327,2127.7500
1624248623255000,0,3.52511000,2128.3500
1624248640584000,0,16.14617712,2131.9300
1624248640588000,0,16.14617712,2131.9300
1624248651193000,1,0.05997000,2128.9300
1624248656438000,0,0.30000000,2128.2800
1624248667536000,1,0.40000000,2129.5300
1624248695714000,1,0.03000000,2128.6300
1624248699515000,1,0.00287277,2128.6300
1624248710023000,1,0.02000000,2126.0000
1624248710372000,1,0.03000000,2124.8400
1624248710514000,1,0.00065116,2124.8400
1624248710514000,1,0.03065229,2124.4100
1624248710514000,1,0.07662790,2123.9500
1624248710514000,1,1.00000000,2123.1700
1624248710514000,1,0.30635385,2123.1600
1624248718435000,0,0.55817421,2124.8600
1624248718435000,0,1.39548809,2124.8800
1624248733443000,0,7.64500000,2126.2100
1624248740773000,1,0.05957844,2124.8200
1624248740773000,1,0.67508879,2124.7200
1624248777652000,1,1.25687751,2124.5400
1624248777655000,1,1.38023910,2124.5400
1624248777656000,1,0.81639674,2124.5400
1624248777658000,1,0.89275040,2124.5400
1624248777659000,1,0.96323069,2124.5400
1624248777663000,1,1.19077919,2124.5400
1624248777667000,1,1.53881976,2124.5400
1624248801690000,1,9.40000000,2118.6500
1624248801700000,1,0.16419330,2118.3100
1624248804093000,0,0.03000000,2120.2000
1624248807661000,0,0.05802796,2119.6400
1624248819776000,1,9.05000000,2117.8100
1624248827522000,0,2.73836979,2117.3500
1624248828489000,0,9.23699139,2117.3500
1624248833495000,0,12.01679846,2118.4000
1624248835463000,0,0.05952779,2119.3800
1624248835463000,0,7.66700000,2119.5400
1624248835626000,0,0.50442542,2119.4300
1624248840716000,0,1.00000000,2119.3900
1624248843656000,0,1.00000000,2120.7300
1624248843656000,0,7.66400000,2120.7400
1624248847285000,0,7.65900000,2121.5600
1624248847790000,0,1.03500000,2121.5000
1624248865447000,0,7.67300000,2118.7700
1624248865447000,0,8.49974446,2118.8100
1624248865553000,0,16.17228159,2118.8100
1624248865559000,0,16.17228159,2118.8100
1624248875210000,1,0.02108627,2114.6100
1624248877678000,0,1.00000000,2116.3100
1624248894809000,1,9.40000000,2116.2000
1624248898586000,0,0.05856013,2115.5200
1624248904339000,0,5.66700000,2118.1000
1624248907559000,0,0.55980951,2118.9500
1624248907559000,0,1.39965754,2118.9700
1624248907560000,0,0.00000001,2118.9700
1624248907908000,0,2.32139750,2118.9700
1624248907909000,0,0.00000001,2118.9700
1624248913134000,0,7.66700000,2120.4500
1624248915304000,0,1.29999999,2121.3900
1624248917530000,0,0.30767508,2122.2200
1624248917530000,0,6.92209993,2122.2300
1624248919186000,0,0.55884877,2122.6800
1624248919271000,0,0.00000001,2122.6800
1624248919322000,0,0.55987230,2122.7900
1624248919746000,0,10.00000000,2123.3700
1624248919936000,0,1.46607774,2123.1600
1624248920728000,0,1.30000000,2124.1800
1624248920998000,0,10.00000000,2124.3000
1624248921722000,1,0.06000000,2124.4400
1624248922078000,1,0.05955000,2123.4000
1624248922120000,1,0.00000311,2123.4000
1624248922120000,1,0.06139691,2122.9600
1624248922120000,1,0.06000000,2122.9500
1624248922970000,1,0.06202618,2122.5000
1624248934020000,0,0.06200863,2124.3100
1624248938756000,0,0.55830000,2124.8000
1624248942856000,0,0.00000880,2124.8000
1624248944199000,0,9.13622034,2127.3100
1624248944199000,0,0.05913689,2127.7300
1624248944199000,0,0.55750803,2127.7700
1624248944199000,0,0.15383754,2127.7800
1624248944199000,0,1.50000000,2127.9700
1624248944199000,0,1.96730000,2127.9800
1624248944199000,0,20.03000000,2127.9900
1624248944199000,0,1.39375853,2128.1100
1624248944199000,0,0.30000000,2128.1200
1624248944199000,0,45.05110000,2128.2600
1624248944199000,0,3.62357455,2128.3900
1624248944199000,0,0.06379513,2128.4000
1624248944199000,0,3.88000000,2128.8100
1624248944199000,0,0.79572143,2128.9900
1624248947510000,0,8.00929335,2128.3800
1624248947510000,0,9.66316810,2128.3800
1624248947510000,0,2.09497073,2128.4900
1624248956050000,1,3.24399999,2125.8000
1624248956050000,1,0.00000001,2125.8000
1624248962090000,1,0.02413415,2124.7900
1624248967538000,1,0.61685515,2124.2700
1624248985167000,1,1.40000000,2127.2000
1624249007389000,1,1.59800000,2123.4300
1624249015830000,1,3.35000000,2120.3900
1624249015889000,1,5.91740000,2120.3900
1624249024993000,1,0.05791252,2117.5100
1624249026269000,1,0.06305539,2116.5500
1624249026270000,1,0.00000001,2116.5500
1624249028832000,1,1.40000000,2114.6400
1624249028832000,1,8.84741757,2114.6300
1624249028832000,1,8.73381096,2114.6300
1624249028832000,1,9.40000000,2114.6200
1624249028832000,1,0.06076710,2114.5700
1624249028832000,1,7.36462330,2114.1500
1624249028832000,1,0.88272342,2114.1100
1624249028832000,1,0.06034636,2113.6400
1624249028832000,1,0.30000000,2113.3500
1624249028832000,1,0.06526072,2113.3300
1624249028832000,1,0.02610429,2113.3300
1624249028832000,1,0.16967787,2112.9500
1624249028832000,1,6.00000000,2112.9500
1624249028832000,1,0.06030124,2112.6800
1624249028832000,1,0.09300000,2112.4100
1624249028832000,1,0.93791274,2112.3500
1624249028832000,1,6.90000000,2112.2400
1624249028832000,1,37.21000687,2112.1500
1624249031451000,0,1.18641458,2116.5800
1624249031459000,0,0.21358542,2116.5800
1624249031459000,0,0.05879200,2116.5900
1624249037489000,1,1.40000000,2113.5500
1624249037489000,1,8.00000000,2113.5500
1624249040121000,1,0.11099999,2112.3600
1624249040121000,1,0.00000001,2112.3600
1624249040418000,1,0.09900000,2112.0000
1624249040418000,1,0.99999999,2112.0000
1624249040439000,1,0.00000001,2112.0000
1624249041094000,0,0.05999999,2112.3400
1624249041100000,0,0.00000001,2112.3400
1624249041307000,0,0.05954784,2112.3300
1624249041313000,0,0.00000001,2112.3300
1624249041585000,0,0.05801961,2112.9400
1624249041585000,0,0.05999213,2112.9600
1624249041612000,0,0.00000001,2112.9600
1624249041653000,0,0.05827853,2113.2000
1624249045525000,1,0.01000000,2110.0000
1624249045610000,1,0.05857846,2109.5600
1624249045658000,1,0.01427630,2109.5000
1624249047104000,1,0.48435000,2109.5300
1624249047129000,1,0.00000524,2109.5300
1624249047201000,1,0.50000000,2108.0000
1624249047201000,1,1.54015312,2108.0000
1624249048426000,0,0.06169118,2108.7900
1624249048426000,0,0.61685515,2109.2500
1624249048426000,0,5.69100000,2109.2600
1624249048426000,0,0.06000000,2109.3000
1624249048426000,0,0.06126466,2109.3600
1624249048426000,0,0.88272343,2109.7000
1624249048426000,0,0.06015995,2109.8400
1624249048426000,0,0.30000000,2109.9200
1624249048426000,0,2.73045367,2110.3300
1624249050535000,1,0.06078454,2108.2800
1624249050535000,1,0.43948768,2108.0800
1624249063280000,0,2.18133000,2108.6400
1624249063364000,0,1.13950949,2108.6400
1624249064849000,0,1.40000000,2110.3700
1624249070285000,0,1.37900000,2110.2800
1624249077369000,1,0.04610952,2108.4100
1624249081402000,0,2.25000000,2107.9900
1624249082332000,0,1.08500496,2108.7700
1624249118674000,1,0.04594182,2108.1300
1624249124272000,1,5.92799232,2106.3500
1624249124302000,1,0.06014062,2105.7900
1624249126985000,1,0.05403462,2103.4900
1624249126985000,1,0.11485455,2103.4900
1624249127448000,1,0.06042313,2102.9400
1624249133238000,1,2.10605269,2102.2500
1624249133974000,1,2.12366000,2102.2500
1624249133981000,1,5.17028731,2102.2500
1624249135799000,1,0.01792951,2101.1100
1624249139097000,0,0.56419286,2103.0700
1624249139097000,0,0.84620714,2103.0900
1624249141482000,0,0.56384539,2103.4600
1624249141482000,0,0.56402972,2103.4900
1624249143255000,1,1.40000000,2103.5500
1624249143255000,1,0.05892274,2103.5400
1624249143255000,1,1.05000000,2103.3100
1624249143255000,1,9.40000000,2103.3000
1624249143255000,1,0.88272342,2103.2000
1624249143255000,1,0.06219018,2103.0800
1624249143255000,1,0.30000000,2102.8900
1624249143255000,1,0.06234978,2102.5300
1624249143255000,1,2.17375585,2102.3700
1624249143266000,0,0.56346083,2105.0200
1624249143266000,0,0.56373917,2105.0200
1624249150986000,0,2.00000000,2106.0000
1624249151616000,0,1.40000000,2106.7900
1624249151905000,0,0.56278000,2107.4500
1624249151960000,0,0.00000002,2107.4500
1624249152505000,0,0.56288691,2108.2700
1624249152505000,0,0.56278002,2108.2700
1624249152634000,0,3.65760000,2108.2900
1624249158790000,0,4.95000000,2109.3100
1624249219697000,0,2.02156118,2112.9300
1624249219703000,0,4.14830225,2112.9300
1624249219715000,0,3.18380432,2112.9300
1624249219733000,0,1.26638157,2112.9300
1624249228343000,1,0.05994692,2108.9700
1624249231547000,1,0.00000001,2108.9700
1624249246401000,1,3.20000000,2105.5400
1624249246461000,1,5.96863000,2105.5400
1624249247475000,1,0.12150000,2104.4000
1624249247475000,1,1.00000000,2103.6600
1624249247475000,1,9.40000000,2103.6500
1624249247475000,1,7.42501119,2103.5700
1624249247475000,1,0.06308653,2103.5600
1624249247475000,1,6.27094000,2103.5500
1624249247475000,1,0.41007706,2103.3300
1624249253375000,0,0.05786000,2105.8500
1624249260577000,1,0.05562320,2101.2200
1624249260577000,1,0.06106320,2101.2100
1624249260580000,1,0.00000001,2101.2100
1624249260580000,1,0.05656835,2101.1200
1624249260580000,1,0.00000001,2101.1100
1624249264603000,1,10.00020000,2100.5000
1624249264605000,1,0.00003803,2100.5000
1624249264692000,1,1.00000000,2100.0700
1624249264959000,1,0.14000000,2100.0000
1624249264959000,1,5.00000000,2100.0000
1624249264959000,1,0.50000000,2100.0000
1624249264959000,1,0.02123297,2100.0000
1624249264959000,1,0.23573786,2100.0000
1624249264959000,1,0.25000000,2100.0000
1624249264959000,1,1.00000000,2100.0000
1624249264959000,1,3.00000000,2100.0000
1624249264959000,1,1.08010000,2100.0000
1624249264959000,1,0.50000000,2100.0000
1624249264959000,1,0.10000000,2100.0000
1624249264959000,1,2.00000000,2100.0000
1624249264959000,1,24.77292917,2100.0000
1624249265119000,1,10.19900000,2100.0000
1624249265122000,1,7.15899000,2100.0000
1624249265198000,1,21.45000000,2100.0000
1624249265346000,1,9.60000000,2100.0000
1624249265406000,1,10.19900000,2100.0000
1624249265693000,1,10.19900000,2100.0000
1624249265790000,1,1.81570000,2100.0000
1624249265815000,1,1.00000000,2100.0000
1624249265821000,1,2.16543253,2100.0000
1624249265830000,1,0.11382855,2100.0000
1624249265994000,1,10.19900000,2100.0000
1624249266116000,1,0.71434366,2100.0000
1624249266184000,1,2.02156000,2100.0000
1624249266276000,0,0.06000000,2100.4900
1624249266276000,0,0.74000000,2100.4900
1624249266370000,1,0.82100000,2100.0000
1624249266394000,1,12.00000000,2100.0000
1624249266445000,1,0.08700000,2100.0000
1624249266524000,1,0.06000000,2100.0000
1624249266691000,1,61.06221609,2100.0000
1624249266691000,1,1.00000000,2100.0000
1624249266691000,1,7.00000000,2100.0000
1624249266860000,1,0.14999999,2099.0000
1624249266870000,1,0.00000001,2099.0000
1624249269021000,1,9.40000000,2097.2000
1624249269369000,1,2.50716847,2096.8500
1624249269527000,1,0.02000000,2095.8900
1624249269591000,1,0.02000000,2095.9000
1624249269668000,1,0.02000000,2095.9000
1624249269749000,1,0.02000000,2095.8900
1624249269814000,1,0.02000000,2095.9000
1624249269881000,1,0.02000000,2095.9000
1624249269952000,1,0.02000000,2095.9000
1624249270028000,1,0.02000000,2095.9000
1624249270105000,1,0.02000000,2095.9000
1624249270163000,1,0.02000000,2095.9000
1624249270256000,1,0.02000000,2095.9000
1624249270331000,1,0.02000000,2095.9100
1624249270407000,1,0.02000000,2095.9100
1624249270467000,1,0.02000000,2095.9300
1624249270533000,1,0.02000000,2095.9300
1624249270598000,1,0.02000000,2095.9400
1624249270673000,1,0.02000000,2095.9300
1624249270743000,1,0.02000000,2095.9300
1624249270861000,0,0.06207333,2098.0100
1624249270861000,0,1.00000000,2098.1600
1624249270861000,0,0.56534882,2098.1800
1624249270861000,0,8.89150932,2098.2000
1624249270861000,0,0.30000000,2098.5900
1624249270861000,0,8.80999718,2098.6500
1624249270861000,0,7.74800000,2098.6600
1624249270861000,0,0.06066823,2098.7000
1624249270861000,0,0.87398295,2098.7100
1624249271534000,1,14.59587873,2095.9800
1624249271606000,1,4.21628333,2095.9800
1624249272141000,1,10.63783794,2095.9800
1624249272141000,1,5.64044569,2095.9800
1624249272141000,1,3.75955431,2095.9800
1624249277747000,0,0.05700000,2094.5500
1624249280568000,0,7.75600000,2096.0400
1624249281076000,0,0.56569484,2096.7300
1624249281076000,0,0.56578195,2096.7300
1624249281076000,0,4.45582327,2096.7400
1624249281111000,0,2.97675475,2096.7400
1624249281575000,0,0.56546209,2097.8900
1624249281575000,0,0.56578195,2097.8900
1624249283010000,1,0.67848000,2097.5300
1624249283292000,1,0.06093883,2096.9800
1624249283311000,1,0.00000001,2096.9800
1624249285182000,0,8.94000000,2098.3300
1624249285621000,0,0.50800000,2097.2000
1624249285632000,0,0.00021893,2097.2000
1624249285632000,0,0.56506928,2098.9500
1624249285632000,0,0.84741179,2099.1000
1624249285678000,0,0.56529187,2099.1000
1624249285678000,0,3.92643114,2099.1700
1624249285678000,0,6.36697699,2099.1800
1624249288925000,1,6.97152000,2097.2100
1624249292296000,0,0.56495220,2099.3800
1624249294998000,1,0.06073116,2095.5400
1624249294998000,1,9.39999884,2095.5400
1624249295025000,1,0.00000116,2095.5400
1624249296554000,0,0.05800000,2095.4200
1624249296616000,0,0.00029033,2095.4200
1624249297600000,0,0.56566855,2096.9700
1624249297618000,0,0.00000001,2096.9700
1624249297879000,0,0.56566856,2097.2900
1624249298039000,0,1.41397077,2097.6800
1624249319141000,0,1.47299660,2097.8900
1624249320091000,0,0.56499000,2099.2700
1624249320154000,0,3.67222832,2099.9200
1624249320774000,0,0.06078668,2100.0400
1624249321425000,0,5.08382000,2100.5400
1624249325055000,1,0.05793000,2102.0200
1624249325581000,1,0.00000612,2102.0200
1624249325581000,1,0.05998388,2101.4100
1624249327383000,1,0.82138447,2101.4100
1624249327383000,1,4.17861553,2101.4100
1624249328939000,0,0.05999999,2100.7100
1624249328966000,0,0.00000001,2100.7100
1624249335010000,0,7.47600000,2103.3700
1624249335303000,0,0.56431216,2103.5100
1624249335303000,0,0.56388784,2103.5100
1624249335981000,0,0.00010936,2103.5100
1624249337231000,1,0.06179000,2102.8000
1624249338776000,0,8.81300000,2104.3400
1624249338958000,0,0.56355000,2104.5200
1624249338958000,0,0.00000167,2104.5200
1624249338958000,0,0.56355167,2104.8300
1624249339359000,0,0.56355167,2104.7900
1624249339359000,0,0.84584833,2105.3700
1624249339446000,0,0.06291464,2105.5300
1624249339696000,0,1.50000000,2106.4100
1624249339696000,0,9.54419957,2106.4200
1624249339696000,0,0.56355167,2106.4300
1624249339696000,0,0.56301563,2106.4300
1624249339696000,0,8.06675472,2106.4300
1624249339696000,0,18.25000000,2106.4400
1624249339696000,0,1.98150000,2106.4400
1624249339696000,0,0.30000000,2106.7200
1624249339696000,0,0.04284290,2107.4200
1624249339696000,0,1.40949739,2107.5000
1624249339696000,0,6.49791138,2107.5000
1624249339696000,0,10.00000000,2107.5100
1624249339696000,0,6.90000000,2107.8200
1624249339696000,0,22.94496106,2108.5800
1624249341830000,0,7.71900000,2106.3800
1624249341830000,0,1.27140000,2106.4100
1624249341955000,0,7.71900000,2106.4100
1624249342335000,0,0.56290221,2107.0400
1624249342335000,0,0.56349779,2107.0400
1624249344068000,0,0.30767508,2107.7000
1624249344414000,0,0.56261547,2108.0900
1624249344414000,0,0.56355167,2108.0900
1624249344580000,0,0.56261547,2108.3300
1624249344580000,0,0.56355167,2108.3300
1624249344580000,0,4.56483286,2108.3400
1624249345948000,1,0.06087000,2107.7400
1624249354214000,1,0.00000019,2107.7400
1624249354336000,1,1.54000000,2106.5400
1624249364468000,0,0.30000000,2105.3800
1624249366020000,0,1.00000000,2106.0400
1624249368470000,0,0.56315005,2106.4600
1624249368989000,0,0.00000001,2106.4600
1624249369129000,0,0.56301000,2106.5500
1624249379008000,1,0.29000000,2104.5400
1624249382658000,0,0.56287593,2107.0800
1624249382658000,0,0.56302407,2107.0800
1624249394327000,1,0.65000000,2106.4500
1624249408124000,1,0.08700000,2105.0500
1624249410978000,1,2.15000000,2103.1100
1624249418889000,1,0.80000000,2102.0000
1624249428535000,0,1.40950842,2103.3600
1624249428535000,0,0.56380804,2103.3600
1624249438150000,0,0.56372000,2103.8800
1624249443935000,1,1.00000000,2103.6100
1624249459247000,1,2.00000000,2103.2800
1624249463386000,1,7.39732000,2103.9900
1624249487531000,0,5.69200000,2108.3400
1624249492690000,1,1.48107933,2107.8800
1624249492696000,1,17.21233697,2107.8800
1624249492774000,1,7.60000000,2107.8800
1624249492838000,1,0.17108000,2107.8800
1624249497274000,0,1.00000000,2109.3400
1624249508430000,1,1.40000000,2108.3600
1624249509076000,1,14.28580000,2108.3600
1624249509152000,1,0.00000370,2107.8800
1624249509152000,1,0.90799630,2106.8600
1624249511923000,0,1.40648578,2108.3800
1624249511923000,0,0.56260364,2108.3800
1624249511923000,0,7.71000000,2108.4200
1624249512124000,1,1.76341406,2108.4800
1624249512142000,1,2.04809652,2108.4800
1624249522136000,1,3.59212689,2106.7800
1624249522335000,1,0.05000000,2106.7800
1624249522410000,1,1.13505548,2106.7800
1624249522804000,1,1.04005105,2106.7800
1624249522804000,1,0.84955788,2106.7800
1624249522806000,1,1.04715846,2106.7800
1624249522807000,1,1.85375407,2106.7800
1624249538047000,0,7.71600000,2107.0800
1624249538047000,0,5.69699999,2107.0900
1624249538109000,0,0.00000001,2107.0900
1624249538109000,0,5.00000000,2107.1000
1624249538593000,0,0.56281550,2107.7000
1624249557900000,1,2.53712569,2105.6500
1624249557965000,1,4.50997910,2105.6500
1624249558285000,1,2.26511650,2105.6500
1624249568258000,1,0.11967000,2102.0500
1624249576055000,0,0.56387078,2103.6500
1624249576689000,1,0.25000000,2102.2400
1624249594635000,0,0.56402000,2103.1200
1624249594724000,0,0.00000030,2103.1200
1624249594724000,0,2.99999970,2103.1300
1624249617843000,1,0.12384971,2096.6200
1624249617846000,1,0.35616287,2096.6200
1624249617846000,1,0.07725506,2096.2800
1624249617875000,1,0.04659466,2096.2800
1624249625325000,0,0.56518000,2098.7400
1624249634143000,0,2.02080000,2100.6700
1624249634199000,0,7.37920000,2100.6700
1624249667504000,1,2.13257082,2093.9700
1624249668362000,0,0.81188000,2095.5600
1624249677744000,1,7.00000000,2093.0000
1624249680200000,1,0.06210116,2091.6800
1624249681538000,1,0.49999999,2090.0000
1624249681543000,1,0.00000001,2090.0000
1624249682015000,1,1.69405813,2090.0700
1624249682016000,1,0.46345888,2090.0700
1624249682760000,0,9.40000000,2090.8600
1624249687225000,1,3.74999999,2089.1400
1624249687227000,1,0.00000001,2089.1400
1624249687807000,0,0.06000000,2088.9600
1624249696080000,0,9.40000000,2090.8800
1624249696718000,0,9.40000000,2091.3500
1624249696723000,0,9.40000000,2091.6000
1624249696871000,0,0.56681181,2091.9000
1624249696890000,0,0.00000001,2091.9000
1624249706936000,0,0.05809722,2094.1900
1624249713528000,0,0.56531784,2097.4200
1624249713528000,0,0.56531783,2097.4200
1624249713571000,0,0.00000001,2097.4200
1624249714461000,0,0.05767000,2098.0200
1624249714556000,0,0.00000584,2098.0200
1624249725515000,0,0.56435000,2101.2000
1624249729679000,1,5.00000000,2100.1100
1624249734480000,1,3.34571862,2099.4600
1624249734481000,1,1.65428138,2099.4600
1624249744109000,0,0.56401701,2102.5400
1624249744109000,0,1.41000299,2102.5400
1624249749045000,0,0.00000030,2103.1300
1624249749045000,0,0.56366970,2103.5600
1624249761472000,1,2.08000000,2103.0500
1624249763623000,1,0.11400000,2101.6500
1624249765362000,1,0.12200000,2101.3200
1624249770609000,1,0.11600000,2100.9900
1624249772977000,1,2.08000000,2100.2100
1624249780131000,1,0.08572271,2098.9500
1624249787561000,1,0.90800000,2096.7900
1624249791446000,0,0.56534000,2098.9300
1624249818330000,0,0.48633000,2097.3700
1624249818338000,0,0.00000053,2097.3700
1624249818539000,0,0.56512406,2098.4700
1624249818539000,0,0.57888332,2098.5400
1624249818990000,0,0.83391000,2098.5400
1624249819010000,0,0.00000512,2098.5400
1624249828166000,1,4.29000000,2100.6700
1624249842037000,0,5.75483000,2100.9300
1624249844848000,1,0.05885802,2098.8200
1624249848659000,1,3.00000000,2099.8800
1624249862125000,0,0.56381000,2103.4000
1624249868809000,1,0.06110771,2101.5600
1624249870789000,0,0.16510942,2103.1500
1624249871082000,0,0.56408527,2103.2400
1624249871082000,0,1.41001473,2103.2400
1624249899705000,1,5.00000000,2104.4000
1624249904969000,0,1.00000000,2106.0500
1624249904969000,0,0.30000000,2106.0500
1624249904969000,0,0.02000000,2106.0600
1624249904969000,0,1.50000000,2106.0600
1624249905070000,0,9.40000000,2106.0800
1624249905070000,0,6.86049470,2106.0900
1624249905071000,0,2.53950530,2106.0900
1624249905158000,0,3.66102569,2106.0600
1624249905158000,0,1.24316614,2106.0600
1624249905160000,0,0.16493048,2106.0600
1624249911148000,1,2.56381000,2104.6200
1624249911187000,1,6.83619000,2104.6200
1624249924181000,1,5.06832665,2105.7000
1624249924261000,1,2.93167000,2105.7000
1624249932567000,0,0.56296374,2106.4800
1624249932567000,0,1.83840000,2106.5100
1624249933458000,1,0.00000335,2105.7000
1624249949796000,1,1.05600000,2101.0800
1624249950000000,1,3.00600000,2100.9800
1624249954425000,1,0.90800000,2099.7100
1624249955416000,1,3.30000000,2099.7100
1624249955795000,1,0.11773872,2098.2400
1624249955795000,1,0.29432997,2098.1900
1624249955795000,1,0.49593131,2097.7300
1624249960787000,1,0.08400000,2098.3000
1624249964594000,1,0.07500000,2098.8800
1624249967483000,1,8.70971412,2096.9700
1624249974517000,0,3.00000000,2100.7600
1624249974517000,0,9.68490502,2100.7700
1624249974517000,0,0.96421787,2100.7700
1624249974517000,0,1.00000000,2100.7700
1624249974517000,0,7.73700000,2100.8600
1624249974517000,0,0.95025940,2100.9000
1624249974517000,0,0.26417508,2101.1000
1624249974517000,0,7.38655303,2101.1600
1624249974517000,0,0.05886526,2101.1700
1624249974517000,0,0.89586165,2101.2200
1624249974517000,0,0.02000000,2101.2200
1624249974517000,0,2.59555160,2101.3600
1624249994604000,1,0.17400000,2097.3700
1624249994722000,1,0.13200000,2097.0400
1624249994998000,1,0.16600000,2096.7100
1624249997828000,1,0.15200000,2096.3800
1624249998292000,1,0.16800000,2096.0500
1624250000385000,1,0.16100000,2095.7200
1624250000516000,1,0.15500000,2095.3900
1624250000937000,1,0.12999999,2095.0600
1624250000938000,1,0.00000001,2095.0600
1624250004148000,0,9.40000000,2096.0100
1624250004148000,0,0.05894540,2096.1100
1624250004148000,0,0.80000000,2096.1500
1624250004148000,0,0.35723763,2096.1500
1624250010685000,1,2.00582357,2093.8600
1624250018012000,1,9.40000000,2095.1200
1624250018012000,1,0.02000000,2095.0300
1624250018012000,1,0.06168036,2095.0100
1624250018012000,1,6.82352578,2094.9200
1624250018013000,1,2.57647422,2094.9200
1624250018013000,1,0.02000000,2094.8300
1624250018014000,1,0.05763022,2094.5600
1624250018136000,1,1.40000000,2095.0400
1624250020853000,0,1.40000000,2095.8400
1624250031930000,1,1.97833000,2095.3100
1624250049333000,1,2.22553520,2088.6600
1624250053057000,0,0.05810311,2088.7500
1624250053059000,0,0.00000001,2088.7500
1624250053197000,0,0.05854854,2089.2100
1624250053433000,0,0.06100000,2088.1900
1624250053463000,0,0.00023869,2088.1900
1624250053762000,0,0.00000001,2089.2100
1624250054259000,0,0.02399084,2090.3900
1624250054690000,0,0.40000000,2090.1700
1624250054987000,1,0.84251081,2087.5700
1624250054994000,1,2.85994631,2087.5700
1624250060420000,1,0.05873942,2086.5500
1624250060420000,1,0.04351964,2086.5000
1624250074267000,0,5.92799232,2092.3800
1624250074267000,0,0.56702683,2092.4600
1624250074267000,0,1.41755533,2092.4600
1624250074471000,0,0.00000001,2092.4600
1624250074471000,0,0.56743999,2092.5700
1624250074955000,1,0.06210497,2091.3200
1624250074955000,1,1.50000000,2090.9000
1624250074955000,1,7.43789503,2090.8900
1624250098544000,1,2.94931319,2093.5300
1624250098562000,1,6.45068681,2093.5300
1624250111094000,0,0.56547240,2097.8800
1624250111094000,0,1.41363414,2097.8800
1624250112623000,0,0.56515000,2098.9100
1624250112710000,0,0.00000575,2098.9100
1624250112710000,0,9.51189425,2098.9200
1624250113223000,0,1.41280000,2099.0800
1624250114266000,1,0.06109873,2098.1600
1624250114266000,1,1.00000000,2098.1600
1624250115102000,1,5.92799232,2097.6000
1624250115102000,1,10.36738615,2097.5900
1624250115247000,1,16.29576669,2097.5900
1624250115249000,1,5.93972190,2097.5900
1624250115349000,1,6.29712526,2097.5900
1624250115349000,1,9.99865437,2097.3400
1624250115352000,1,16.29577963,2097.3400
1624250116970000,1,3.79900000,2097.3400
1624250117025000,1,8.80656600,2097.3400
1624250118265000,0,5.92799232,2097.5300
1624250118265000,0,1.82200768,2097.5700
1624250118269000,0,5.92799232,2097.5700
1624250120805000,0,0.60000000,2098.6500
1624250124868000,0,0.20000000,2098.8200
1624250124905000,1,8.94323000,2097.1900
1624250129675000,1,0.06133000,2095.2300
1624250129764000,1,0.00000837,2095.2300
1624250139789000,1,0.08473298,2092.8500
1624250139970000,1,0.21072000,2092.6300
1624250144904000,0,0.05888340,2092.3900
1624250158080000,1,0.07156000,2091.0400
1624250181174000,1,0.10700000,2091.4600
1624250245671000,1,0.75000000,2088.0000
1624250245735000,1,9.20000000,2087.7300
1624250252020000,0,0.06212000,2086.6900
1624250266511000,0,0.89586165,2089.9700
1624250266511000,0,0.06239684,2089.9900
1624250266512000,0,0.06089257,2090.4200
1624250266512000,0,0.02000000,2090.5000
1624250266570000,0,0.40000000,2090.6000
1624250266570000,0,1.50000000,2090.6000
1624250266634000,0,0.56749603,2090.9400
1624250266634000,0,1.41872401,2090.9400
1624250276377000,1,0.05889000,2090.2800
1624250277261000,1,0.11155703,2089.2100
1624250277261000,1,0.27905297,2089.2100
1624250279873000,1,0.05791858,2087.1000
1624250279882000,1,0.89586164,2086.8400
1624250279882000,1,1.00000000,2086.7700
1624250279882000,1,5.92799232,2086.7700
1624250279882000,1,0.49067942,2086.7600
1624250279886000,1,1.00932058,2086.7600
1624250279949000,1,1.00000000,2086.8600
1624250279950000,1,1.50000000,2086.2700
1624250279950000,1,0.06102625,2086.2400
1624250279950000,1,0.88655283,2086.0200
1624250279951000,1,2.44757908,2086.0200
1624250279958000,1,2.66586809,2086.0200
1624250279958000,1,0.27903399,2085.9000
1624250279958000,1,3.59173161,2085.6800
1624250279958000,1,1.62459559,2085.6100
1624250280320000,1,0.49807514,2086.8400
1624250303924000,1,8.03117000,2083.4000
1624250305011000,0,0.04318210,2085.0000
1624250305505000,0,0.05925747,2084.3500
1624250305507000,0,0.00000001,2084.3500
1624250305507000,0,0.86905941,2084.8000
1624250305511000,0,2.55909886,2084.8000
1624250305528000,0,2.49983405,2084.8000
1624250305528000,0,9.40000000,2084.8100
1624250305528000,0,4.43231820,2084.9200
1624250305529000,0,4.96768180,2084.9200
1624250305758000,0,0.05993427,2085.6400
1624250305837000,0,0.56874894,2084.8700
1624250306493000,1,0.06054949,2085.3100
1624250306506000,1,0.00000001,2085.3100
1624250319691000,1,0.09205098,2084.3700
1624250319691000,1,0.22243419,2084.3700
1624250319694000,1,0.00000001,2084.3700
1624250319710000,1,2.07950000,2083.9600
1624250319710000,1,5.92799232,2083.7400
1624250319712000,1,0.60400484,2083.7000
1624250319716000,1,0.89586164,2083.5100
1624250319716000,1,0.30000000,2083.5000
1624250319725000,1,0.05978872,2083.3400
1624250319805000,1,0.05977990,2082.7800
1624250319854000,1,0.05991069,2083.8100
1624250319854000,1,0.30000000,2083.2500
1624250319854000,1,2.07950000,2083.0700
1624250319854000,1,0.56699535,2082.5500
1624250319942000,1,2.37950000,2084.3700
1624250320009000,1,1.46639492,2084.3700
1624250320022000,1,1.15950441,2084.3700
1624250320032000,1,0.88985222,2084.3700
1624250320037000,1,1.10827049,2084.3700
1624250320061000,1,1.27275832,2084.3700
1624250320061000,1,0.83052874,2084.3700
1624250320065000,1,0.29319090,2084.3700
1624250320065000,1,0.09205098,2083.8200
1624250320065000,1,0.22243420,2083.8200
1624250320377000,1,0.86560741,2081.9000
1624250320465000,1,0.09205098,2081.7800
1624250320465000,1,0.22243420,2081.7800
1624250320465000,1,1.00000000,2081.4500
1624250320465000,1,0.96202628,2081.4400
1624250320866000,1,2.48469420,2081.4500
1624250320866000,1,0.09205098,2081.3900
1624250320866000,1,0.22243420,2081.3900
1624250320866000,1,0.02400000,2081.3800
1624250320977000,1,0.60065056,2080.0100
1624250320977000,1,2.00000000,2080.0000
1624250320977000,1,1.30000000,2079.9700
1624250320977000,1,0.94905449,2079.6400
1624250320977000,1,1.35000000,2079.4500
1624250320977000,1,10.00000000,2079.4400
1624250320977000,1,4.80029495,2078.7500
1624250321981000,1,0.22986239,2079.6600
1624250321981000,1,0.22243420,2079.6500
1624250322969000,0,0.89586165,2077.8400
1624250322969000,0,0.30000000,2078.5600
1624250322969000,0,0.66413835,2078.7000
1624250324735000,0,0.05700000,2077.0800
1624250324825000,0,0.00074151,2077.0800
1624250327061000,0,6.39100000,2075.7200
1624250327609000,0,0.00068201,2075.7200
1624250327609000,0,0.06125490,2077.3100
1624250327609000,0,0.83392309,2077.5800
1624250328064000,0,0.06000000,2077.4000
1624250329064000,0,0.05900000,2077.2700
1624250330331000,0,3.03300000,2075.8300
1624250332492000,1,9.40000000,2075.5200
1624250336422000,1,0.06070000,2074.4900
1624250336558000,1,0.05000000,2074.2200
1624250336558000,1,9.35000000,2074.2100
1624250337249000,1,0.04517536,2073.9200
1624250337249000,1,0.04444464,2073.9200
1624250337643000,1,0.00000963,2073.9200
1624250340090000,0,0.05999037,2073.9200
1624250340090000,0,0.05788130,2074.2400
1624250341494000,0,9.40000000,2074.8700
1624250341655000,0,0.57132539,2075.4800
1624250342817000,0,0.05768923,2076.3700
1624250342821000,0,0.00000001,2076.3700
1624250342829000,0,0.06295433,2076.8100
1624250344204000,1,0.06047715,2075.3200
1624250344204000,1,0.06052467,2074.8800
1624250344204000,1,0.87899818,2074.4500
1624250353936000,1,0.11900000,2077.1100
1624250354877000,1,7.15000000,2076.2300
1624250354882000,0,1.00000000,2078.5900
1624250356063000,1,0.06934063,2075.2600
1624250356063000,1,0.17265937,2075.2600
1624250356068000,1,0.00069220,2075.2600
1624250358411000,1,0.06051000,2074.4200
1624250358654000,1,0.00000035,2074.4200
1624250358654000,1,0.06181965,2074.0000
1624250361635000,1,0.05866208,2071.9200
1624250361635000,1,0.06691270,2071.6700
1624250361635000,1,9.99999999,2071.6600
1624250361636000,1,0.00000001,2071.6600
1624250361636000,1,0.38130533,2071.2000
1624250362347000,1,10.00000000,2071.6600
1624250365327000,1,0.02000000,2073.3300
1624250365661000,0,2.06110720,2074.0100
1624250365971000,0,0.24200000,2074.0100
1624250369481000,0,0.05799000,2076.3000
1624250370932000,1,0.06070000,2074.8000
1624250370950000,1,0.00000665,2074.8000
1624250378215000,1,0.81294000,2073.6900
1624250379708000,0,5.80302000,2074.8300
1624250379784000,0,14.19698000,2074.8300
1624250400948000,0,0.05803452,2081.4800
1624250400948000,0,3.76363338,2081.5100
1624250402697000,1,9.40000000,2077.8700
1624250411853000,0,0.02168633,2077.1800
1624250438110000,1,0.40299000,2071.1000
1624250438414000,1,0.08675655,2070.6300
1624250438417000,1,0.00000001,2070.6300
1624250438620000,1,0.08204036,2070.3100
1624250438687000,1,0.20498657,2070.0100
1624250438687000,1,0.09900000,2070.0000
1624250438822000,1,0.08204036,2070.0100
1624250438822000,1,0.51017994,2069.6800
1624250439383000,0,0.53325000,2069.6800
1624250440966000,0,1.14267261,2071.8600
1624250440966000,0,9.08489513,2071.8700
1624250441037000,0,0.27814950,2071.8700
1624250441037000,0,0.32185050,2072.0800
1624250443520000,0,0.50000000,2069.9800
1624250443754000,1,0.08500000,2067.5500
1624250446387000,0,0.05000000,2067.1300
1624250446693000,0,0.08500000,2067.1300
1624250446982000,1,0.06022000,2066.4300
1624250447486000,0,0.05000000,2068.3800
1624250452601000,1,2.77067382,2067.0500
1624250452620000,1,0.94775919,2067.0500
1624250452754000,1,0.50000000,2067.0500
1624250452843000,1,5.18156699,2067.0500
1624250453848000,0,2.00000000,2068.2500
1624250457591000,0,0.40000000,2066.8700
1624250457621000,1,1.00000000,2065.3200
1624250457878000,1,0.03294585,2064.8300
1624250457878000,1,0.08236463,2064.8300
1624250457992000,1,0.21400000,2064.3800
1624250458216000,1,0.00024340,2064.3800
1624250459224000,0,0.05000000,2064.4400
1624250460204000,0,0.21400000,2064.5500
1624250460321000,0,1.50000000,2064.5400
1624250460321000,0,1.49300000,2064.5500
1624250460379000,0,0.02799941,2064.7500
1624250460721000,0,8.65195824,2064.4500
1624250460999000,0,2.92885787,2064.7500
1624250461277000,0,1.22590000,2064.7500
1624250461316000,0,1.03610000,2064.7500
1624250463240000,0,0.53037726,2065.7300
1624250463240000,0,32.47732274,2066.5900
1624250463456000,0,1.05630000,2066.5800
1624250463474000,0,0.34370000,2066.5800
1624250463474000,0,0.99670000,2066.5900
1624250463498000,0,0.87407726,2066.5900
1624250463498000,0,1.24702274,2067.0000
1624250463939000,1,1.11000000,2064.9500
1624250464883000,1,0.32699999,2063.8200
1624250464885000,1,0.00000001,2063.8200
1624250465098000,1,0.05453766,2063.4900
1624250465098000,1,0.35235783,2063.4600
1624250467133000,1,0.10000000,2061.6300
1624250468325000,0,9.40000000,2063.6500
1624250468325000,0,1.50000000,2063.7400
1624250468325000,0,3.34175385,2063.7500
1624250469513000,1,0.57201000,2061.4000
1624250480986000,0,1.56141896,2065.4000
1624250482832000,0,0.24000000,2065.0500
1624250484399000,1,0.05912993,2064.1000
1624250484399000,1,0.13711519,2063.8900
1624250487809000,0,0.88384000,2066.6900
1624250490289000,0,0.40000000,2066.4700
1624250490821000,0,8.70000000,2068.1700
1624250490842000,0,0.61088173,2068.1700
1624250493143000,0,0.57277000,2069.4800
1624250493292000,0,0.00000464,2069.4800
1624250494568000,1,0.06299000,2068.1200
1624250494691000,1,0.00000345,2068.1200
1624250494795000,1,5.38131000,2067.7900
1624250494834000,1,1.68925285,2067.7900
1624250494912000,1,1.14943715,2067.7900
1624250495042000,1,0.06299345,2067.8000
1624250499352000,1,0.06020000,2065.6500
1624250499709000,1,0.06805000,2065.6600
1624250500599000,0,1.13173211,2066.1600
1624250500600000,0,1.08702359,2066.1600
1624250500600000,0,1.22380000,2066.1600
1624250500610000,0,0.86104522,2066.1600
1624250500639000,0,1.03870138,2066.1600
1624250500640000,0,0.91329721,2066.1600
1624250500642000,0,0.96925332,2066.1600
1624250500643000,0,0.85739975,2066.1600
1624250500645000,0,1.02036470,2066.1600
1624250500647000,0,0.29738272,2066.1600
1624250500647000,0,0.58563916,2066.2700
1624250500750000,0,8.57897834,2066.2700
1624250500782000,0,0.23538250,2066.2700
1624250505592000,1,0.32530000,2066.4800
1624250512349000,1,0.00000115,2065.6500
1624250512349000,1,4.52112075,2065.6500
1624250512349000,1,0.90913650,2065.6500
1624250512473000,1,0.04974275,2065.6500
1624250530592000,0,30.55000000,2071.1000
1624250530671000,0,4.85000000,2071.1000
1624250530768000,0,10.65000000,2071.1000
1624250530845000,0,3.51571000,2071.1000
1624250530925000,0,25.50000000,2071.1000
1624250531011000,0,6.75000000,2071.0800
1624250542690000,1,0.06215000,2070.3900
1624250547255000,0,0.53392450,2072.6700
1624250547255000,0,0.05859711,2072.8200
1624250549203000,0,0.28568399,2072.8100
1624250549254000,0,0.00000001,2072.8100
1624250550217000,1,0.06133100,2072.4700
1624250555522000,1,1.40000000,2073.0000
1624250555586000,1,4.40000000,2073.0100
1624250557271000,1,6.85000000,2072.5700
1624250557329000,1,1.53000000,2072.5700
1624250558089000,1,0.00000071,2072.4700
1624250558089000,1,5.15784929,2071.9000
1624250561173000,1,7.20000000,2069.7300
1624250561237000,1,2.28427000,2069.7300
1624250567398000,1,2.86573000,2070.4700
1624250568373000,1,0.00000912,2069.7300
1624250568373000,1,0.06545088,2068.8600
1624250568484000,1,0.00001094,2068.8600
1624250568502000,1,0.06678172,2068.5700
1624250574532000,1,0.07674000,2066.9100
1624250583433000,1,0.05621000,2066.5700
1624250593430000,0,0.35540203,2071.5200
1624250596222000,0,1.40000000,2070.5200
1624250596452000,0,0.06091555,2071.0600
1624250598041000,0,1.30000000,2072.4300
1624250599145000,0,0.24000000,2073.4400
1624250599448000,0,1.19468000,2073.3000
1624250599665000,0,0.24000185,2073.3000
1624250600377000,1,0.06101000,2072.7800
1624250600585000,1,0.00000806,2072.7800
1624250605857000,1,0.17527912,2072.9000
1624250605857000,1,0.06157186,2072.8900
1624250605857000,1,0.35000000,2072.5800
1624250605857000,1,9.66686222,2072.5700
1624250605857000,1,1.74628680,2072.5400
1624250608741000,1,3.30000000,2072.9700
1624250608810000,1,2.45000000,2072.9700
1624250614817000,1,9.40000000,2076.3900
1624250652873000,1,1.50000000,2082.7200
1624250652873000,1,7.00000000,2082.7100
1624250653019000,1,0.06137000,2082.6600
1624250664802000,0,0.23451000,2084.8600
1624250665897000,0,0.00000800,2084.8600
1624250667925000,1,0.06000000,2084.8800
1624250671963000,0,0.05834649,2085.9700
1624250671963000,0,0.03729705,2086.2500
1624250679885000,0,0.07869000,2086.9700
1624250681631000,1,9.40000000,2087.3100
1624250687178000,0,0.14195000,2088.1400
1624250687194000,0,0.00000600,2088.1400
1624250688971000,1,0.09595000,2088.2800
1624250689254000,0,0.19401700,2089.3900
1624250696380000,0,0.05438500,2089.8800
1624250696859000,1,0.06000000,2089.9700
1624250698930000,1,1.42817418,2089.2100
1624250698930000,1,1.42278777,2089.2000
1624250704331000,0,0.05931035,2093.3100
1624250708115000,0,5.92799232,2094.7800
1624250712737000,1,0.06128252,2096.5300
1624250712737000,1,0.04561248,2095.6100
1624250717945000,1,0.90408265,2097.9100
1624250717947000,1,0.86839518,2097.9100
1624250717951000,1,2.09961301,2097.9100
1624250717955000,1,1.13010332,2097.9100
1624250717960000,1,0.92579816,2097.9100
1624250717982000,1,1.09749824,2097.9000
1624250717982000,1,0.40250176,2097.9000
1624250717982000,1,3.59972564,2097.8900
1624250718020000,1,0.89218683,2098.0000
1624250718020000,1,1.11225959,2098.0000
1624250718021000,1,7.39555358,2098.0000
1624250718021000,1,2.00444642,2097.8900
1624250718048000,1,0.97248365,2097.8900
1624250718048000,1,1.16876474,2097.8900
1624250718111000,1,1.25207779,2097.8900
1624250718124000,1,0.40250176,2097.8900
1624250718977000,0,9.40000000,2097.8900
1624250720956000,0,0.06201694,2099.0600
1624250720956000,0,0.05940937,2099.3300
1624250722967000,1,0.08717900,2096.9800
1624250723540000,1,0.03183113,2096.9800
1624250723608000,1,4.72098987,2096.9800
1624250727087000,1,9.40000000,2094.8900
1624250729287000,1,0.28962000,2094.0800
1624250735006000,0,0.09536100,2096.1800
1624250736095000,0,0.07628900,2097.0500
1624250736095000,0,3.60118659,2097.6700
1624250738432000,0,0.41650629,2098.3700
1624250749076000,1,0.64366343,2097.3400
1624250753654000,0,1.00000000,2097.9900
1624250753654000,0,5.92799232,2097.9900
1624250753654000,0,0.62518173,2098.0000
1624250763354000,1,3.83319761,2094.1400
1624250763379000,1,5.56680239,2094.1400
1624250765553000,0,0.06171000,2094.7500
1624250765714000,0,0.00000830,2094.7500
1624250765714000,0,0.06017170,2095.0700
1624250772541000,1,0.17671000,2091.8400
1624250773075000,1,0.11103000,2091.8500
1624250773934000,1,0.00000813,2091.8400
1624250775137000,0,0.04929950,2091.7200
1624250801979000,1,0.11581000,2091.2200
1624250821879000,1,0.28145000,2089.1800
1624250821935000,1,0.00000500,2089.1800
1624250829710000,1,0.13206000,2085.9100
1624250830862000,1,0.12960000,2085.9200
1624250830935000,1,0.00000800,2085.9200
1624250835999000,1,0.04379000,2084.8900
1624250836163000,1,0.00000400,2084.8900
1624250882773000,0,0.05800000,2084.4800
1624250897558000,0,9.47465376,2088.7700
1624250897558000,0,9.02037202,2088.7800
1624250903648000,0,0.22631742,2088.3500
1624250908361000,1,5.00000000,2086.4500
1624250913822000,0,5.00000000,2088.2900
1624250920282000,1,0.79456200,2086.1200
1624250924088000,0,0.06142851,2087.4100
1624250949665000,1,0.59767000,2089.0700
1624250953166000,1,0.00000184,2089.0700
1624250953166000,1,0.05600419,2088.0700
1624250953166000,1,0.14000397,2088.0700
1624250960939000,1,0.02000000,2089.2300
1624250960939000,1,3.40035795,2089.2200
1624250971872000,0,4.91113185,2091.2100
1624250971872000,0,1.30000000,2091.2300
1624250971919000,0,1.00000000,2091.2100
1624250972938000,1,0.06000000,2091.2400
1624250991899000,0,0.16628500,2094.7100
1624250992937000,0,0.04720892,2095.9300
1624250994895000,0,0.06059000,2096.0700
1624251000322000,0,0.04035500,2097.1300
1624251001219000,0,0.50000000,2098.4800
1624251025591000,1,0.11362000,2097.0500
1624251036834000,1,0.04545000,2096.1200
1624251036837000,1,0.00000206,2096.1200
1624251036837000,1,0.22000000,2096.1000
1624251036944000,1,0.29543841,2095.7800
1624251036944000,1,0.28000000,2095.7700
1624251037833000,1,0.30700000,2095.4400
1624251037994000,1,0.25099999,2095.1100
1624251038011000,1,0.00000001,2095.1100
1624251038341000,1,0.28299999,2094.7800
1624251038764000,1,0.00000001,2094.7800
1624251038764000,1,0.25963915,2094.4500
1624251038930000,1,0.02036084,2094.4500
1624251039037000,1,0.00000001,2094.4500
1624251039324000,1,0.27999999,2094.1200
1624251039327000,1,0.00000001,2094.1200
1624251039670000,1,0.21900000,2093.7900
1624251059284000,0,0.08342700,2095.4800
1624251105732000,0,0.11296413,2093.3700
1624251115226000,1,0.65727644,2090.2400
1624251115243000,1,5.27071588,2090.2400
1624251122678000,1,1.23699000,2090.8700
1624251148616000,0,1.00000000,2091.6400
1624251154465000,1,0.04269326,2090.4000
1624251167533000,1,8.77440970,2090.0600
1624251188293000,1,1.40000000,2090.1600
1624251188293000,1,0.92300000,2090.1600
1624251194137000,0,1.30000000,2093.5700
1624251195874000,0,0.30900000,2094.5300
1624251212340000,1,0.08907000,2092.3100
1624251224074000,0,1.00000000,2092.4900
1624251244264000,0,1.09100000,2096.2400
1624251257491000,0,5.92799232,2098.3600
1624251257491000,0,9.14379382,2098.3700
1624251257491000,0,7.74700000,2098.3800
1624251257491000,0,3.67439194,2098.4000
1624251259469000,0,1.00000000,2099.4200
1624251259469000,0,9.40000000,2099.4400
1624251259469000,0,1.50000000,2099.5400
1624251259475000,0,0.89855739,2099.7700
1624251259478000,0,16.18929477,2099.8700
1624251259480000,0,16.18929477,2099.8700
1624251263408000,0,1.30000000,2100.2300
1624251267269000,0,0.89855739,2101.8100
1624251267269000,0,0.95000000,2102.0100
1624251267269000,0,1.50000000,2102.0100
1624251267269000,0,9.40000000,2102.0200
1624251267269000,0,0.88576000,2102.1100
1624251267269000,0,2.42668260,2102.1200
1624251267293000,0,3.28431740,2102.1200
1624251267293000,0,9.40000000,2102.1300
1624251272018000,1,9.40000000,2101.4000
1624251274992000,1,0.05815740,2101.5800
1624251274992000,1,0.00000001,2101.5800
1624251274995000,1,0.06101463,2101.3300
1624251274998000,1,9.40000000,2101.0000
1624251274998000,1,0.05927737,2100.9000
1624251276542000,0,1.30000000,2102.8200
1624251277161000,0,0.03800000,2103.8000
1624251279123000,1,0.05939000,2103.8900
1624251279419000,1,0.00000808,2103.8900
1624251279648000,1,0.06052000,2103.4500
1624251281983000,1,5.07481000,2103.2400
1624251282054000,1,4.32519000,2103.2400
1624251283971000,0,0.05995416,2103.1300
1624251287280000,1,9.39999999,2100.5000
1624251287281000,1,0.00000001,2100.5000
1624251287285000,1,0.05775545,2100.0300
1624251287288000,1,1.00000000,2100.5200
1624251287289000,1,1.50000000,2100.5200
1624251287326000,1,2.38065802,2100.5200
1624251287331000,1,2.82009633,2100.5200
1624251287331000,1,0.72723797,2100.5200
1624251287465000,1,5.55000000,2100.6100
1624251287490000,1,1.29718698,2100.6100
1624251287506000,1,2.55281302,2100.6100
1624251293045000,0,9.40000000,2102.8800
1624251293045000,0,0.89855739,2102.9400
1624251293045000,0,0.05919611,2102.9800
1624251293082000,0,0.05919610,2102.8700
1624251293086000,0,0.05919610,2102.8700
1624251293088000,0,2.35000000,2102.8700
1624251299777000,0,0.16117400,2105.0500
1624251299777000,0,7.71800000,2105.0800
1624251305294000,0,0.03776499,2105.5900
1624251305295000,0,0.00000001,2105.5900
1624251305295000,0,9.40000000,2105.5900
1624251305453000,0,0.06135139,2106.1800
1624251305494000,0,0.00000001,2106.1800
1624251306134000,0,0.56311000,2106.4500
1624251306233000,0,0.00000570,2106.4500
1624251306233000,0,0.56305754,2106.6600
1624251306523000,1,0.11506700,2106.8000
1624251307007000,1,0.09205400,2106.4400
1624251308114000,0,0.09205000,2107.5700
1624251308325000,0,0.00000400,2107.5700
1624251308567000,1,1.79711076,2108.9900
1624251311355000,1,0.06000000,2108.5900
1624251332080000,0,0.89855739,2109.0300
1624251332080000,0,0.06232347,2109.1200
1624251332080000,0,0.05777622,2109.5600
1624251332080000,0,0.02000000,2109.5900
1624251332080000,0,0.95000000,2109.6000
1624251332080000,0,1.01134292,2109.6100
1624251356798000,1,2.12997000,2111.7000
1624251363514000,1,2.40919610,2110.9000
1624251369721000,0,3.13000000,2111.6000
1624251377634000,0,2.62000000,2113.8800
1624251377793000,0,0.95621939,2113.9500
1624251377793000,0,1.30000000,2113.9600
1624251377793000,0,1.82857181,2114.2600
1624251378410000,1,0.06000000,2113.9500
1624251378571000,1,1.30000000,2113.9600
1624251378686000,1,0.05897540,2113.1000
1624251378686000,1,9.40000000,2113.0100
1624251378686000,1,0.06165720,2112.9100
1624251380473000,1,4.44857181,2112.7300
1624251380473000,1,4.95142819,2112.7300
1624251383096000,0,0.93709937,2113.9700
1624251383104000,0,0.00000001,2113.9700
1624251383189000,0,0.94366000,2114.6200
1624251386642000,1,5.65000000,2113.1800
1624251390532000,0,0.93956000,2114.3900
1624251393054000,1,0.02341965,2113.8200
1624251393158000,1,0.00000001,2113.8200
1624251394926000,0,0.05834000,2114.3500
1624251407492000,0,0.94856057,2116.4700
1624251408234000,0,0.95598000,2116.7800
1624251412611000,0,0.95489000,2117.7300
1624251417013000,0,5.00000000,2117.4500
1624251419644000,0,0.85000000,2118.2800
