timestamp ms,type,amount,price
1626998454097000,1,0.03011501,2027.5600
1626998454097000,1,0.30000000,2027.2100
1626998454097000,1,0.02917734,2027.1000
1626998454097000,1,5.16630201,2026.7600
1626998454210000,1,0.03019761,2027.3100
1626998467771000,0,0.02942188,2028.9900
1626998467838000,0,0.91194287,2029.5100
1626998467858000,0,0.26907338,2029.4600
1626998467864000,0,0.84005713,2029.5100
1626998467905000,0,4.06532468,2029.5800
1626998467980000,0,0.02989300,2029.6500
1626998494643000,0,0.02975912,2027.2700
1626998496660000,1,0.49100000,2025.4500
1626998499014000,1,0.50006554,2024.7600
1626998499289000,1,1.30299999,2024.7400
1626998499308000,1,0.00000001,2024.7400
1626998499748000,0,0.03073749,2025.5700
1626998499748000,0,0.30000000,2025.6400
1626998499748000,0,0.62173623,2025.7100
1626998499748000,0,0.01999999,2025.9900
1626998499749000,0,0.00000001,2025.9900
1626998499749000,0,0.02900622,2026.0600
1626998499749000,0,3.00000000,2026.1500
1626998499762000,0,0.02000000,2026.2000
1626998499762000,0,0.50346357,2026.4400
1626998499762000,0,0.02919999,2026.5000
1626998499762000,0,0.03091773,2026.9200
1626998499762000,0,3.70419347,2028.0200
1626998499762000,0,0.98996134,2028.1600
1626998499762000,0,0.79341150,2028.3500
1626998499776000,0,1.67457055,2028.3500
1626998499776000,0,0.99119126,2028.6700
1626998499776000,0,15.00000000,2029.2100
1626998499776000,0,0.98566493,2029.2900
1626998499776000,0,4.93511801,2029.8100
1626998499779000,1,9.11986830,2029.9500
1626998499801000,1,0.30000000,2029.9500
1626998499806000,0,0.98139380,2029.9700
1626998499806000,0,8.05756404,2030.5900
1626998499818000,1,7.50000000,2029.9500
1626998499819000,1,2.83896496,2029.9500
1626998500069000,0,0.19162104,2028.2500
1626998500131000,0,0.72355896,2028.2500
1626998500206000,0,0.02000000,2029.7800
1626998500206000,0,0.18272562,2029.9500
1626998500809000,1,0.30000000,2029.4100
1626998500809000,1,7.50000000,2028.6400
1626998500809000,1,0.92909307,2028.2400
1626998500809000,1,1.00000000,2027.0600
1626998500809000,1,3.00000000,2027.0400
1626998500809000,1,19.59700000,2027.0300
1626998500809000,1,50.54204934,2026.1300
1626998501432000,1,0.94800000,2029.1800
1626998517608000,1,0.91388999,2028.4600
1626998533112000,1,0.02000000,2029.1900
1626998533112000,1,2.46353041,2029.1400
1626998533112000,1,0.02896014,2029.0700
1626998533112000,1,0.30000000,2028.9200
1626998533112000,1,3.69529561,2028.7900
1626998533117000,1,0.02961724,2028.6500
1626998533117000,1,1.79868568,2028.3300
1626998533117000,1,3.00000000,2028.3200
1626998533152000,1,3.59249054,2029.1300
1626998533152000,1,4.98650946,2029.1300
1626998533167000,1,0.92909307,2028.2400
1626998533167000,1,0.03064081,2028.2100
1626998533167000,1,4.92706081,2028.1400
1626998533167000,1,0.02997819,2027.6600
1626998533167000,1,6.15882602,2027.5200
1626998533167000,1,3.86438014,2027.5100
1626998533180000,0,0.30000000,2028.1200
1626998533183000,0,0.07500000,2028.1200
1626998533198000,0,4.76817100,2028.1200
1626998533200000,0,1.12746695,2028.1200
1626998538335000,1,0.82808919,2026.9800
1626998538338000,1,0.86482107,2026.9800
1626998538353000,1,1.17956886,2026.9800
1626998541727000,1,0.02000000,2026.9900
1626998541743000,1,1.25490592,2026.9800
1626998541744000,1,1.51784921,2026.9800
1626998541775000,1,1.33841355,2026.9800
1626998541786000,1,0.50573711,2026.9800
1626998546511000,0,0.59000000,2027.5000
1626998565426000,0,11.99950000,2026.4500
1626998565481000,0,0.47511366,2026.4500
1626998565491000,0,1.48007894,2026.4500
1626998565538000,0,0.77010985,2026.4500
1626998580469000,1,0.59100000,2026.3700
1626998580518000,1,2.00510000,2025.5100
1626998611448000,0,0.02000000,2029.8300
1626998611509000,1,1.22248038,2029.5600
1626998611594000,0,1.80560000,2031.0000
1626998611607000,0,2.06082628,2031.7700
1626998611610000,0,2.10602434,2031.7700
1626998611770000,0,1.80560000,2031.5800
1626998611864000,0,9.30766372,2032.0700
1626998611864000,0,13.45388848,2032.0700
1626998611879000,0,2.42428149,2032.0700
1626998611880000,0,4.87941254,2032.0700
1626998622511000,1,0.29999999,2030.6700
1626998622512000,1,0.00000001,2030.6700
1626998622512000,1,4.91844270,2030.6000
1626998622557000,1,10.00000000,2030.7700
1626998628691000,1,0.59000000,2030.2700
1626998628697000,1,0.02000000,2030.1700
1626998628712000,1,0.94340714,2030.1000
1626998628787000,1,0.91319000,2030.0000
1626998695136000,1,0.49200000,2028.7700
1626998695136000,1,5.81973221,2028.7400
1626998713504000,1,2.95300000,2028.9900
1626998713504000,1,2.24600000,2028.9900
1626998713504000,1,2.46100000,2028.9600
1626998713530000,1,2.46291081,2028.9300
1626998750363000,1,1.90700000,2027.1100
1626998750363000,1,1.10600000,2027.1000
1626998750383000,1,2.73800000,2027.0100
1626998760758000,1,1.77500000,2025.7700
1626998763135000,1,0.14700000,2026.0300
1626998765509000,1,0.13400000,2025.7100
1626998765509000,1,0.13400000,2025.3900
1626998765509000,1,1.75100000,2025.3500
1626998791813000,0,0.03043880,2025.5600
1626998791813000,0,10.00000000,2025.5700
1626998791813000,0,0.02000000,2025.7700
1626998791813000,0,0.02991377,2026.0400
1626998791813000,0,0.34396350,2026.1700
1626998791813000,0,0.30000000,2026.1800
1626998791813000,0,9.19964469,2026.2200
1626998791813000,0,5.04034404,2026.2200
1626998804033000,1,1.55900000,2023.4400
1626998804144000,1,1.04164947,2023.1600
1626998804149000,1,0.85235053,2023.1600
1626998843977000,1,0.20000000,2023.0500
1626998843981000,1,0.84919231,2022.8500
1626998843982000,1,0.93980769,2022.8500
1626998844059000,1,0.22900000,2022.7300
1626998844059000,1,0.17600000,2022.4100
1626998844069000,0,1.35800000,2022.7400
1626998844167000,1,0.18400000,2022.0900
1626998844389000,1,0.19400000,2021.7700
1626998853107000,1,1.14600000,2021.1600
1626998877428000,1,0.99300000,2021.0200
1626998877501000,1,1.35800000,2020.8100
1626998879174000,1,0.88400000,2020.1400
1626998925176000,0,2.42746695,2021.8200
1626998925215000,0,0.04672411,2021.8200
1626998942452000,0,1.00000000,2022.1600
1626999031155000,0,0.04677563,2020.7100
1626999118258000,1,0.69200000,2018.3800
1626999118258000,1,0.24206550,2018.3600
1626999118375000,1,0.57200000,2018.3400
1626999136083000,1,0.76647385,2016.2200
1626999136093000,1,1.20952203,2016.2200
1626999141884000,1,0.49500000,2015.8500
1626999144186000,1,1.28464660,2015.3100
1626999144190000,1,0.90533667,2015.3100
1626999144214000,1,0.59200000,2015.2400
1626999148014000,1,0.49400000,2014.9100
1626999148014000,1,5.25304190,2014.9000
1626999172911000,1,0.59300000,2016.2700
1626999172911000,1,0.49200000,2016.2700
1626999179410000,1,0.85529392,2016.0000
1626999179417000,1,1.64398009,2016.0000
1626999179427000,1,7.85350000,2016.0000
1626999179485000,1,0.81077009,2016.0000
1626999179579000,1,1.50556000,2016.0000
1626999179629000,1,2.30000000,2016.0000
1626999301636000,0,2.48046000,2016.6000
1626999314615000,1,1.08022708,2016.0000
1626999314622000,1,1.71077292,2016.0000
1626999314628000,1,0.84762669,2016.0000
1626999314636000,1,1.53046000,2016.0000
1626999314687000,1,6.90000000,2016.0000
1626999314734000,1,1.45000000,2016.0000
1626999314789000,1,1.90000000,2016.0000
1626999314843000,1,1.30000000,2016.0000
1626999314889000,1,2.55000000,2016.0000
1626999314938000,1,1.90000000,2016.0000
1626999314969000,1,2.76447492,2016.0000
1626999314985000,1,2.25000000,2016.0000
1626999315035000,1,3.35000000,2016.0000
1626999315080000,1,0.55000000,2016.0000
1626999315462000,0,0.49400000,2016.5700
1626999332973000,0,0.49300000,2016.9500
1626999332973000,0,0.50700000,2016.9500
1626999341065000,1,0.77501971,2016.0000
1626999341065000,1,1.03714844,2016.0000
1626999341098000,1,0.82523617,2016.0000
1626999341127000,1,0.71442000,2016.0000
1626999341231000,1,0.07000000,2016.0000
1626999341232000,1,1.13945219,2016.0000
1626999341500000,1,0.98042475,2016.0000
1626999341503000,1,0.70052502,2016.0000
1626999342649000,1,0.33000000,2016.0000
1626999345742000,1,0.14000000,2016.0000
1626999347444000,1,0.42546000,2016.0000
1626999347768000,1,0.20000000,2016.0000
1626999349455000,0,2.48090000,2016.3600
1626999360589000,0,0.00000846,2016.3600
1626999360589000,0,2.14999154,2016.3700
1626999360656000,0,0.33081000,2016.3700
1626999361081000,1,0.75000000,2016.0000
1626999362444000,1,0.54000000,2016.0000
1626999362696000,1,0.70000000,2016.0000
1626999363190000,1,0.79000000,2016.0000
1626999363743000,1,0.58800000,2016.0000
1626999365765000,1,2.29000000,2016.0000
1626999366092000,1,0.18400000,2016.0000
1626999366178000,1,0.51599999,2016.0000
1626999366399000,1,0.07252000,2016.0000
1626999367063000,1,4.54000000,2016.0000
1626999367470000,1,12.00000000,2016.0000
1626999367832000,0,0.49500000,2016.3600
1626999367891000,0,0.00001198,2016.3700
1626999367891000,0,2.48080802,2016.3700
1626999367959000,0,0.00000550,2016.3700
1626999367959000,0,3.72123450,2016.5200
1626999379440000,0,0.00000800,2016.5200
1626999379440000,0,2.48028772,2016.6600
1626999387400000,0,0.97761430,2017.3600
1626999388686000,0,0.04677000,2017.7100
1626999396884000,1,0.50000000,2017.7100
1626999411281000,0,0.02340878,2018.9000
1626999415333000,0,0.49300000,2018.9200
1626999448554000,0,0.30000000,2021.0900
1626999525141000,0,0.02000000,2024.4300
1626999535392000,0,2.47139515,2023.6600
1626999535398000,0,3.70709273,2023.9200
1626999540489000,1,0.15799999,2022.9500
1626999540489000,1,0.00000001,2022.9500
1626999543969000,1,0.17700000,2022.6300
1626999561972000,0,1.80000000,2024.0100
1626999562036000,0,0.67162329,2024.0100
1626999610106000,1,0.20200000,2025.0300
1626999610177000,0,11.61284000,2025.0000
1626999610178000,0,1.39421008,2025.0000
1626999610179000,0,14.90112044,2025.0000
1626999610227000,0,2.56062873,2025.0000
1626999610228000,0,1.95802655,2025.0000
1626999610232000,0,42.73204618,2025.0000
1626999633571000,1,2.92200000,2024.7800
1626999633571000,1,1.86800000,2024.7800
1626999633605000,1,0.25800000,2024.7100
1626999644059000,1,0.46400000,2024.3500
1626999689684000,1,0.59100000,2026.3900
1626999689684000,1,2.24480115,2026.0100
1626999728360000,1,0.81487387,2028.7100
1626999729955000,1,0.43399999,2028.9900
1626999730892000,0,1.00021000,2029.3600
1626999742871000,1,0.00000001,2028.9900
1626999742871000,1,0.36799999,2028.6700
1626999746391000,1,0.00000001,2028.6700
1626999746391000,1,0.32499999,2028.3500
1626999748295000,1,0.00000001,2028.3500
1626999748295000,1,0.35199999,2028.0300
1626999749240000,1,0.00000001,2028.0300
1626999749240000,1,0.42200000,2027.7100
1626999749240000,1,0.35199999,2027.3900
1626999767587000,1,0.11800000,2027.2700
1626999805427000,0,0.02000000,2029.4500
1626999805430000,0,1.25922937,2029.5400
1626999805432000,0,1.20603827,2029.5400
1626999805432000,0,3.69848865,2029.5500
1626999805534000,0,0.49200000,2029.5100
1626999805534000,0,0.58800000,2029.5700
1626999805534000,0,2.05470000,2029.8300
1626999805591000,1,2.46526764,2029.6500
1626999810430000,0,0.49100000,2030.8800
1626999810633000,0,2.05470000,2031.3100
1626999870684000,1,0.49200000,2026.7000
1626999889053000,1,0.58900000,2025.3700
1626999889053000,1,0.30124613,2025.3600
1626999889059000,1,0.18975387,2025.3600
1626999889386000,1,0.59100000,2025.1900
1626999889386000,1,0.49100000,2025.0400
1627000032896000,1,1.40782160,2023.0400
1627000143402000,0,2.47000000,2022.0700
1627000143436000,0,0.00372303,2022.0700
1627000219643000,0,2.47380602,2022.3000
1627000285797000,1,0.59200000,2024.6600
1627000285797000,1,0.49100000,2024.6500
1627000345360000,1,0.59200000,2022.4300
1627000345468000,1,0.02000000,2022.0400
1627000345468000,1,0.30380620,2022.0300
1627000345470000,1,2.16806241,2022.0300
1627000345715000,1,0.49100000,2021.9200
1627000345715000,1,0.71800000,2021.6000
1627000345864000,1,0.49100000,2021.6000
1627000352018000,1,3.64634744,2020.7700
1627000352022000,1,0.91112547,2020.7700
1627000352025000,1,0.97434641,2020.7700
1627000352027000,1,0.99480025,2020.7700
1627000359974000,1,3.44200000,2020.7000
1627000377523000,0,1.35520272,2021.0600
1627000377586000,0,1.12033547,2021.0600
1627000438011000,1,3.62615635,2018.5800
1627000461789000,0,2.46255772,2020.3100
1627000511691000,0,0.83547960,2021.0300
1627000511692000,0,1.63947656,2021.0300
1627000659472000,1,1.27100000,2022.6900
1627000850924000,0,2.03730000,2028.8900
1627000850924000,0,7.19076505,2028.9000
1627000850967000,0,1.40420631,2028.9000
1627000850970000,0,4.72698306,2028.9000
1627000851073000,0,7.03686188,2028.9000
1627000851078000,0,0.80818370,2028.9000
1627000877464000,1,0.29300000,2028.4300
1627000877690000,1,0.27799999,2028.1100
1627000877693000,1,0.00000001,2028.1100
1627000880372000,1,0.06340000,2027.7900
1627000880967000,1,0.28060000,2027.7900
1627000881080000,1,0.27500000,2027.4700
1627000881080000,1,0.49200000,2027.4700
1627000885006000,1,0.24200000,2027.1500
1627000885737000,1,0.27500000,2026.8300
1627000885817000,1,0.30500000,2026.5100
1627000891169000,1,0.49300000,2026.2300
1627000891169000,1,0.48115705,2026.2200
1627000891178000,1,0.98873765,2026.2200
1627000891231000,1,0.15410530,2026.2200
1627000891231000,1,0.31700000,2026.1900
1627000918090000,1,0.02000000,2024.2200
1627000918090000,1,0.49300000,2024.2100
1627000918090000,1,0.59000000,2024.1900
1627000918090000,1,3.32137571,2024.1700
1627000965564000,0,0.45000000,2024.9000
1627000965606000,0,0.45000000,2024.9000
1627000965632000,0,0.45178000,2024.9000
1627000966050000,0,1.11805000,2024.9000
1627000966058000,0,0.00000060,2024.9000
1627000978144000,0,2.10000000,2026.3800
1627001034776000,1,0.23100000,2027.9300
1627001050408000,1,0.03513688,2027.6100
1627001051576000,1,0.19586000,2027.6100
1627001051720000,1,0.00000312,2027.6100
1627001051753000,1,0.49200000,2027.4600
1627001051803000,1,0.23300000,2027.2900
1627001100574000,0,2.46725000,2027.3400
1627001139092000,1,1.04500000,2028.0200
1627001361424000,1,0.49000000,2027.7300
1627001361424000,1,0.59000000,2027.7300
1627001361800000,1,3.93200000,2027.6800
1627001391982000,1,0.01281305,2026.8400
1627001416770000,1,0.00026149,2026.8400
1627001416827000,1,0.28600000,2026.7400
1627001416827000,1,0.01999999,2026.3300
1627001416830000,1,0.00000001,2026.3300
1627001416830000,1,0.34345603,2026.1000
1627001423274000,1,0.35300000,2026.4200
1627001425266000,0,0.24545485,2026.8900
1627001512367000,1,0.30900000,2030.7900
1627001518035000,0,0.58800000,2031.8800
1627001518035000,0,6.60826842,2031.9000
1627001546204000,1,0.49100000,2031.6000
1627001546204000,1,0.27013664,2031.5900
1627001560052000,1,0.09086336,2031.5900
1627001565154000,1,0.26500000,2031.2700
1627001565181000,1,0.49000000,2031.1800
1627001565181000,1,0.33600000,2030.9500
1627001575186000,0,2.46165000,2032.0200
1627001591018000,0,0.05400000,2034.0000
1627001600021000,1,0.12700000,2033.3700
1627001600606000,1,0.16500000,2033.0500
1627001606471000,0,0.45100000,2033.6900
1627001607397000,1,0.15100000,2032.7300
1627001607403000,1,0.17500000,2032.4100
1627001629704000,0,2.46050000,2033.4000
1627001629794000,0,0.00001026,2033.4000
1627001629794000,0,2.39998974,2033.6000
1627001637398000,0,2.45914000,2034.0900
1627001652057000,0,0.02445859,2034.0500
1627001666267000,0,0.00000736,2034.0900
1627001666267000,0,2.45944264,2034.1100
1627001683924000,1,0.02000000,2033.6600
1627001688903000,0,0.00001400,2034.1100
1627001688903000,0,4.31998600,2035.0000
1627001688910000,0,4.56000000,2035.0000
1627001688989000,0,1.12001400,2035.0000
1627001688989000,0,0.70000000,2035.0000
1627001707398000,0,2.45729000,2036.0000
1627001723658000,0,2.45000000,2035.5900
1627001735139000,1,0.86400000,2034.7600
1627001735139000,1,0.00822197,2034.7500
1627001735212000,1,0.02000000,2034.5300
1627001735212000,1,2.22100000,2034.4100
1627001736478000,1,0.23800000,2034.4100
1627001744108000,1,0.02000000,2034.4800
1627001801751000,1,0.58900000,2030.1700
1627001801858000,1,1.83000000,2030.0200
1627001801858000,1,17.74800000,2030.0200
1627001946289000,0,1.09000000,2028.5000
1627001946299000,0,0.41000000,2028.5000
1627001946328000,0,0.96585452,2028.5000
1627001962501000,0,0.47000000,2028.5000
1627001962508000,0,0.60000000,2028.5000
1627001962544000,0,0.97000000,2028.5000
1627001980650000,0,0.41733743,2028.5000
1627002029570000,1,0.28303276,2028.1500
1627002169165000,1,0.16399999,2031.0500
1627002169169000,1,0.00000001,2031.0500
1627002169174000,1,0.14500000,2030.7300
1627002169224000,1,0.18500000,2030.4100
1627002169283000,1,0.58800000,2030.1200
1627002169283000,1,0.19100000,2030.0900
1627002169879000,1,0.16900000,2029.7700
1627002170211000,1,0.19100000,2029.4500
1627002171826000,0,0.16300000,2030.5100
1627002172183000,0,0.02000000,2030.2900
1627002172183000,0,0.10700000,2030.3000
1627002172523000,0,0.02000000,2030.1800
1627002172523000,0,0.11800000,2030.1900
1627002172949000,1,0.16300000,2029.8900
1627002174358000,1,0.17100000,2029.5700
1627002183033000,1,0.05400000,2029.2500
1627002183036000,1,0.06100000,2029.2500
1627002183178000,1,0.13800000,2028.9300
1627002195143000,1,0.13500000,2028.6100
1627002243032000,0,2.28043084,2027.5400
1627002321092000,0,0.03000000,2030.3300
1627002385957000,0,0.00055000,2030.3300
1627002486436000,0,0.03000000,2031.6000
1627002591352000,1,0.02000000,2031.4100
1627002591352000,1,0.48900000,2031.4000
1627002639102000,0,0.00000772,2036.0000
1627002639409000,0,1.00000000,2038.0000
1627002639409000,0,0.66695638,2038.0000
1627002640013000,1,0.02000000,2036.3400
1627002654237000,1,2.13900000,2035.2600
1627002658521000,1,0.18000000,2035.3900
1627002658554000,1,0.00900000,2035.3900
1627002659049000,1,0.16400000,2035.0700
1627002676434000,1,0.15600000,2034.7500
1627002676539000,1,0.13800000,2034.4300
1627002676733000,1,0.15000000,2034.1100
1627002700479000,0,0.85903132,2034.7300
1627002700491000,0,1.59927684,2034.7300
1627002700558000,0,3.68740000,2034.9100
1627002749699000,1,0.11400000,2033.6100
1627002793805000,0,10.00000000,2033.7500
1627002793805000,0,2.45964081,2033.7700
1627002793805000,0,3.68956408,2033.8500
1627002793805000,0,0.58900000,2033.8600
1627002793805000,0,0.49000000,2033.8700
1627002793805000,0,8.64231594,2034.1200
1627002793805000,0,8.96581685,2034.1400
1627002793805000,0,3.00000000,2034.1500
1627002793805000,0,8.83704793,2034.1600
1627002793805000,0,0.02894492,2034.3000
1627002793805000,0,0.02000000,2034.3300
1627002793805000,0,0.92547771,2034.5000
1627002793805000,0,0.30000000,2034.5000
1627002793805000,0,1.14685267,2034.5500
1627002816536000,1,0.58700000,2032.4200
1627002816536000,1,0.26673165,2032.4100
1627002816608000,1,0.90600000,2032.4100
1627002816608000,1,2.98226835,2032.4000
1627002816609000,1,0.36273165,2032.4000
1627002825874000,0,0.02447555,2032.6400
1627002871817000,1,0.16400000,2033.0300
1627002922932000,1,0.15700000,2033.0900
1627002924419000,1,0.15100000,2032.7700
1627002924897000,1,0.12800000,2032.4500
1627002925028000,1,0.13700000,2032.1300
1627002926674000,1,0.13300000,2031.8100
1627002926674000,1,8.76110000,2031.7300
1627002926702000,1,0.13306036,2031.7300
1627002926702000,1,2.97283964,2031.5000
1627002961753000,0,0.09796054,2031.4300
1627003311097000,0,2.46290000,2031.0100
1627003311161000,0,0.00004990,2031.0100
1627003311245000,0,0.76333242,2031.2300
1627003311247000,0,0.90087841,2031.2300
1627003466178000,0,0.91551887,2033.7200
1627003537482000,0,0.30000000,2036.6200
1627003572180000,0,0.03574000,2037.2300
1627003572180000,0,0.48900000,2037.2400
1627003572180000,0,0.58800000,2037.6900
1627003572180000,0,6.23243117,2037.7100
1627003579093000,0,1.40919042,2036.7400
1627003584551000,1,1.16700000,2035.4800
1627003641064000,1,1.53592701,2034.4500
1627003641067000,1,0.88790258,2034.4500
1627003641075000,1,0.89817041,2034.4500
1627003676392000,1,0.84895740,2033.0000
1627003676410000,1,0.79583098,2033.0000
1627003676456000,1,1.97176032,2033.0000
1627003676457000,1,1.45474954,2033.0000
1627003676483000,1,0.89455484,2033.0000
1627003676489000,1,3.03414692,2033.0000
1627003701840000,0,0.58900000,2034.5900
1627003701840000,0,0.48900000,2034.6000
1627003786490000,0,2.45967786,2033.6200
1627003804624000,0,2.45856512,2034.5800
1627003833095000,0,2.45893037,2034.2800
1627003833163000,0,0.81059415,2034.6000
1627003833172000,0,2.20674555,2034.6000
1627003833174000,0,0.67094073,2034.6000
1627003833318000,0,0.58800000,2034.7400
1627003841825000,0,2.45760000,2035.7000
1627003841847000,0,0.00006217,2035.7000
1627003844341000,0,1.80148497,2038.0000
1627003844377000,0,0.53155865,2038.0000
1627003845200000,0,0.00001288,2038.2900
1627003855483000,0,1.02406780,2039.0000
1627003856171000,0,0.13427632,2039.0000
1627003856189000,0,0.49000000,2039.0000
1627003856212000,0,6.29567161,2039.0000
1627003856219000,0,6.24430337,2039.0000
1627003856243000,0,0.81168090,2039.0000
1627003856323000,0,0.18416000,2039.3100
1627003873903000,1,0.17099999,2038.4200
1627003873904000,1,0.00000001,2038.4200
1627003875168000,1,0.18678240,2038.1000
1627003875411000,1,0.02921760,2038.1000
1627003898728000,1,0.11900000,2038.2400
1627003901057000,1,0.13622000,2037.9200
1627003912647000,1,0.00278000,2037.9200
1627003912647000,1,0.11722000,2037.6000
1627003912825000,1,0.05278000,2037.6000
1627003913316000,1,0.13700000,2037.2800
1627003913316000,1,0.16000000,2036.9600
1627003913316000,1,1.70300000,2036.8000
1627003965254000,0,1.69156177,2037.7200
1627003965280000,0,0.76282514,2037.7200
1627004015700000,1,0.21800000,2036.9500
1627004070825000,1,0.19000000,2036.4200
1627004070826000,1,0.00200000,2036.4200
1627004070879000,1,0.18300000,2036.1000
1627004079430000,0,0.58700000,2037.6300
1627004098269000,1,0.23100000,2036.3100
1627004098788000,1,0.22100000,2035.9900
1627004106287000,1,0.22300000,2035.6700
1627004106351000,1,0.49000000,2035.5200
1627004106476000,1,0.02000000,2035.2200
1627004106476000,1,0.58800000,2035.0500
1627004106476000,1,0.20200000,2035.0300
1627004149253000,0,0.01273914,2038.6000
1627004149574000,0,0.00025998,2038.6000
1627004152182000,0,0.00000164,2039.3100
1627004153690000,0,0.10000000,2040.0000
1627004153690000,0,0.33783551,2040.0000
1627004154275000,0,0.57767906,2041.6200
1627004155248000,0,2.93167095,2042.2800
1627004155249000,0,0.00000001,2042.2800
1627004155560000,1,0.92519000,2043.2300
1627004157571000,1,0.02000000,2041.7800
1627004157571000,1,0.30000000,2041.7100
1627004157571000,1,0.03019731,2041.6600
1627004202375000,0,1.40000000,2041.5500
1627004202375000,0,3.60000000,2041.5600
1627004211598000,1,1.40000000,2041.2000
1627004226806000,0,1.92900000,2046.3200
1627004227282000,0,1.00000000,2049.0000
1627004227282000,0,0.50000000,2049.0000
1627004227282000,0,0.34286540,2049.0000
1627004227491000,0,1.44020000,2048.9900
1627004227523000,0,0.00001560,2048.9900
1627004227523000,0,4.51315892,2048.9900
1627004227523000,0,0.65713460,2049.0000
1627004227523000,0,11.10539088,2049.0000
1627004227529000,0,22.36450000,2049.0000
1627004227534000,0,40.00000000,2049.0000
1627004227560000,0,10.22500000,2049.0000
1627004227623000,0,0.57608988,2048.9900
1627004227623000,0,4.51328993,2049.0000
1627004227623000,0,3.74431200,2049.6100
1627004227623000,0,0.01506364,2049.6200
1627004227623000,0,0.03083273,2049.8000
1627004227623000,0,10.00000000,2050.0000
1627004227623000,0,0.20000000,2050.0000
1627004227623000,0,1.10000000,2050.0000
1627004227623000,0,4.82041182,2050.0000
1627004227623000,0,5.17958818,2050.0000
1627004227623000,0,0.24000000,2050.0000
1627004227623000,0,0.50000000,2050.0000
1627004227623000,0,5.00000000,2050.0000
1627004227623000,0,1.00000000,2050.0000
1627004227623000,0,3.00000000,2050.0000
1627004227623000,0,0.15000000,2050.0000
1627004227623000,0,8.00000000,2050.0000
1627004227623000,0,0.12250249,2050.0000
1627004227623000,0,0.50000000,2050.0000
1627004227623000,0,1.48969588,2050.0000
1627004227623000,0,1.00000000,2050.0000
1627004227623000,0,1.60000000,2050.0000
1627004227623000,0,1.00000000,2050.0000
1627004227623000,0,1.92900000,2050.0400
1627004227623000,0,0.96658449,2050.0700
1627004227623000,0,18.32262896,2050.8700
1627004228322000,0,1.29836743,2050.7600
1627004229599000,1,1.40000000,2049.6500
1627004232916000,1,1.50000000,2048.6300
1627004233198000,0,0.92519097,2050.8100
1627004233215000,0,0.30000000,2050.9800
1627004233215000,0,0.57555269,2051.3500
1627004233342000,0,0.30000000,2051.9000
1627004233342000,0,1.13886796,2051.9200
1627004233343000,0,0.30000001,2051.9200
1627004233514000,0,1.43886797,2052.6100
1627004233514000,0,0.57555269,2052.6100
1627004233514000,0,3.74098028,2052.6400
1627004234425000,0,0.86353000,2053.7600
1627004234934000,1,3.40000000,2054.0000
1627004235248000,0,0.35417000,2054.0000
1627004235347000,0,0.00000994,2054.0000
1627004235834000,0,0.02191889,2055.0200
1627004236340000,1,0.05000000,2055.3500
1627004236343000,1,0.25000000,2055.3500
1627004236356000,1,2.20000000,2055.1200
1627004236391000,1,0.06000000,2055.0100
1627004236449000,1,0.06000000,2055.0100
1627004236498000,1,0.07000000,2054.7000
1627004236521000,1,0.30000000,2054.9900
1627004236521000,1,1.10000000,2054.7000
1627004236522000,1,2.24990000,2054.7000
1627004236537000,1,1.69000000,2054.7000
1627004236552000,1,0.08000000,2054.7000
1627004236561000,1,9.04071793,2054.7000
1627004236610000,1,6.68432399,2054.7000
1627004236612000,1,0.08000000,2054.7000
1627004237092000,0,0.02000000,2056.8900
1627004237216000,1,0.05500000,2056.9100
1627004237216000,1,0.46242947,2056.7800
1627004237251000,0,25.00000000,2057.0000
1627004237251000,0,0.10000000,2057.0000
1627004237428000,0,0.49150424,2058.0000
1627004237573000,1,0.04042200,2057.3000
1627004238128000,0,0.58000000,2060.0000
1627004240348000,0,4.23545000,2058.6100
1627004240403000,0,0.02000000,2058.6800
1627004240493000,0,1.90060000,2059.0500
1627004240635000,0,1.90060000,2059.2600
1627004240635000,0,0.91020000,2059.4500
1627004240960000,1,1.49999999,2058.1700
1627004240967000,1,0.00000001,2058.1700
1627004243300000,1,0.04042000,2056.6000
1627004243326000,0,0.05000000,2059.0000
1627004245563000,1,0.03086313,2054.2700
1627004245563000,1,0.00955687,2054.1200
1627004248076000,1,6.99943741,2053.1500
1627004248077000,1,3.00056259,2053.1500
1627004248864000,1,1.90060000,2057.0300
1627004248871000,1,6.66940000,2057.0300
1627004248871000,1,1.90060000,2057.0300
1627004248873000,1,5.75490000,2057.0300
1627004248881000,1,2.34450000,2057.0300
1627004250389000,0,1.00000000,2055.6400
1627004250389000,0,3.00000000,2055.6500
1627004250389000,0,0.92519097,2055.8700
1627004250389000,0,1.90060000,2056.1100
1627004250391000,0,0.03028312,2056.3900
1627004250391000,0,0.30000000,2056.4700
1627004253664000,0,0.26416069,2055.4800
1627004254430000,1,0.37080000,2054.0500
1627004255064000,1,3.64911286,2053.1400
1627004256879000,0,0.75000000,2054.9300
1627004256879000,0,3.00000000,2054.9400
1627004256879000,0,0.02948321,2054.9900
1627004256879000,0,1.22051679,2055.0600
1627004260694000,1,2.81569143,2051.6700
1627004262694000,0,3.73500000,2053.8200
1627004267544000,0,3.73500000,2056.1100
1627004268723000,0,1.86820000,2056.7300
1627004273349000,0,0.42000000,2060.0000
1627004273349000,0,1.00000000,2060.0000
1627004273349000,0,1.00000000,2060.0000
1627004273349000,0,11.16267048,2060.0000
1627004273353000,0,10.68496001,2060.0000
1627004273401000,0,5.96545853,2060.0000
1627004273403000,0,0.55928298,2060.0000
1627004273504000,0,9.89951130,2060.0000
1627004273534000,0,1.86820000,2060.0000
1627004274389000,0,3.73500000,2060.0000
1627004275107000,0,3.47083931,2060.0000
1627004275624000,0,2.65407739,2060.0000
1627004275624000,0,1.00000000,2060.0000
1627004280571000,0,0.30098967,2061.0000
1627004280571000,0,0.48200000,2061.0000
1627004280571000,0,1.86820000,2061.5700
1627004280571000,0,0.30000000,2062.2000
1627004280571000,0,0.28970768,2062.2500
1627004280571000,0,0.30000000,2062.6500
1627004280571000,0,0.19410265,2062.6600
1627004282255000,0,2.46097327,2062.7800
1627004282260000,0,0.10000000,2063.0000
1627004282260000,0,1.86820000,2063.0400
1627004282269000,0,0.14485384,2063.0800
1627004282658000,0,1.86820000,2064.8200
1627004282658000,0,2.04920000,2065.0000
1627004282738000,0,0.95080000,2065.0000
1627004282738000,0,0.91745694,2065.0000
1627004283021000,0,0.52252827,2064.5800
1627004285275000,0,0.03154904,2067.6900
1627004285275000,0,0.04000000,2068.0000
1627004285315000,1,0.02191787,2067.6900
1627004285681000,1,0.63956218,2067.9000
1627004286029000,0,0.02970406,2069.7800
1627004286029000,0,0.50000000,2070.0000
1627004286029000,0,0.28970768,2070.2400
1627004286029000,0,0.03028074,2070.8100
1627004286029000,0,2.88530752,2072.1000
1627004286261000,0,0.19043544,2071.4900
1627004286261000,0,0.30000000,2071.5000
1627004286261000,0,0.72210070,2071.9200
1627004287374000,0,2.20000000,2071.2700
1627004287374000,0,3.83145857,2071.3700
1627004287900000,0,0.02960921,2072.1100
1627004287918000,0,0.01931992,2072.4000
1627004288647000,1,0.50000000,2070.1100
1627004289217000,1,0.03007693,2069.5600
1627004289217000,1,0.00000001,2069.5600
1627004292535000,1,3.20000000,2063.1300
1627004293105000,0,1.40000000,2064.3900
1627004293105000,0,0.30000000,2064.4000
1627004293105000,0,5.80000000,2064.5400
1627004293167000,0,0.30000000,2064.3800
1627004293167000,0,1.40000000,2064.5400
1627004293426000,0,0.30000000,2064.5300
1627004294632000,1,4.83022710,2063.1200
1627004294677000,1,3.00000000,2063.1300
1627004294677000,1,0.46026925,2063.1200
1627004294680000,1,4.70950365,2063.1200
1627004294680000,1,3.40000000,2063.0000
1627004294680000,1,0.03022711,2062.8500
1627004294680000,1,0.02942847,2062.4200
1627004294712000,1,0.03095399,2063.3500
1627004294770000,1,1.40000000,2063.1300
1627004300071000,0,0.30000000,2061.4000
1627004300248000,0,0.30000000,2062.1200
1627004300299000,0,0.30000000,2062.5400
1627004300299000,0,0.02900958,2062.8100
1627004301438000,1,3.00000000,2061.6900
1627004301438000,1,1.00000000,2061.6900
1627004301438000,1,6.03015627,2061.6800
1627004301443000,1,3.96984373,2061.6800
1627004301447000,1,0.03015628,2061.5800
1627004301489000,1,1.00000000,2061.7000
1627004301496000,1,0.02000000,2060.8300
1627004311778000,0,1.40000000,2059.6000
1627004311778000,0,1.00000000,2059.6100
1627004311778000,0,0.02893134,2059.6200
1627004321648000,0,10.00000000,2060.0900
1627004326920000,1,1.40000000,2059.8100
1627004327427000,0,1.40000000,2061.1300
1627004327427000,0,0.30000000,2061.1300
1627004327427000,0,1.00000000,2061.1300
1627004327427000,0,0.58200000,2061.1400
1627004327427000,0,3.00000000,2061.1500
1627004327427000,0,9.54253210,2061.1600
1627004327429000,0,0.45746790,2061.1600
1627004327429000,0,0.03075553,2061.2600
1627004327438000,0,10.00000000,2061.5400
1627004329724000,1,1.40000000,2061.2600
1627004331024000,0,0.02000000,2061.3600
1627004338529000,1,0.02912486,2062.3200
1627004338529000,1,1.00000000,2062.2600
1627004338549000,1,0.03006107,2061.8700
1627004354038000,0,2.42620000,2062.8000
1627004355396000,0,0.00008947,2062.8000
1627004355396000,0,0.40391052,2063.8300
1627004355399000,0,0.00008948,2063.8300
1627004365274000,0,3.73500000,2064.5100
1627004368968000,1,0.95000000,2062.2100
1627004368968000,1,8.66490109,2062.2000
1627004368968000,1,3.00000000,2061.9800
1627004368968000,1,7.38509891,2061.9500
1627004375130000,1,6.00000000,2060.9000
1627004390585000,0,2.42685000,2061.6500
1627004398013000,1,0.48500000,2059.7900
1627004414988000,0,5.00000000,2059.8800
1627004415339000,0,0.05000000,2059.8700
1627004415807000,0,3.83882000,2059.8800
1627004424837000,1,0.96890000,2058.8300
1627004429606000,0,0.02932487,2059.6500
1627004429611000,0,2.42948237,2059.9600
1627004429611000,0,3.64476107,2060.0600
1627004429611000,0,0.30000000,2060.0800
1627004429615000,0,0.03012564,2060.1000
1627004429621000,0,0.02920005,2060.5200
1627004429716000,0,0.30000000,2060.7200
1627004429716000,0,4.18610000,2060.7500
1627004429746000,0,0.67369448,2060.7500
1627004429874000,0,0.00000651,2061.6500
1627004442383000,0,0.03812000,2063.4600
1627004444099000,0,5.07410000,2064.3700
1627004444237000,0,1.00000000,2064.3700
1627004444521000,0,5.12016000,2064.3700
1627004444590000,0,2.80574000,2064.3700
1627004445909000,0,2.75000000,2065.3800
1627004452062000,0,0.05000000,2065.8500
1627004485574000,0,1.00000000,2066.2200
1627004506949000,0,3.63234000,2066.4500
1627004510243000,0,2.00000000,2065.8500
1627004510632000,0,0.42000000,2065.8500
1627004513060000,0,2.42261000,2065.0600
1627004520504000,0,0.00000895,2065.0600
1627004520504000,0,2.42209105,2065.4800
1627004521282000,0,0.00143250,2065.8500
1627004521282000,0,0.93398828,2066.2100
1627004521343000,0,6.06601172,2066.2100
1627004535297000,0,2.42140000,2066.0700
1627004537698000,0,0.00000277,2066.0700
1627004537698000,0,2.42139723,2066.0700
1627004544085000,0,0.00000554,2066.0700
1627004544085000,0,0.03999446,2066.1100
1627004544090000,0,0.22000000,2066.1100
1627004544115000,0,0.68000000,2066.1100
1627004544251000,0,1.48128000,2066.1100
1627004544262000,0,0.00000374,2066.1100
1627004546331000,0,0.00000891,2066.4500
1627004546331000,0,1.61999109,2066.5000
1627004547432000,0,0.12000000,2066.5000
1627004548113000,0,0.68000000,2066.5000
1627004549277000,0,0.00082810,2066.5000
1627004549277000,0,0.57917190,2066.6400
1627004549663000,0,2.42081000,2066.5000
1627004551328000,0,0.00000919,2066.5000
1627004551328000,0,1.16999081,2066.5000
1627004551347000,0,1.25082838,2066.5000
1627004551889000,0,3.05259000,2066.6400
1627004552080000,0,2.42081000,2066.5000
1627004552145000,0,0.00000919,2066.5000
1627004552145000,0,0.00000754,2066.6400
1627004552145000,0,9.27085327,2067.0200
1627004558108000,0,0.51000000,2067.4100
1627004558199000,0,1.90986000,2067.4100
1627004559732000,0,0.00000840,2067.4100
1627004559732000,0,3.62914160,2068.1200
1627004588023000,0,2.41988000,2067.4800
1627004588337000,0,0.00000722,2067.4800
1627004588337000,0,3.62999278,2067.6900
1627004591788000,0,0.00001906,2067.6900
1627004591788000,0,2.40998094,2067.9800
1627004595133000,1,0.84737574,2066.6800
1627004596862000,0,1.57000000,2067.4100
1627004596910000,0,0.84946103,2067.4100
1627004598333000,0,0.56057960,2067.4100
1627004599007000,0,1.85000000,2067.4100
1627004599707000,0,0.00888143,2067.4100
1627004600328000,0,1.31000000,2067.4100
1627004602360000,0,1.87000000,2066.6300
1627004605252000,1,1.32641879,2064.8600
1627004605267000,1,0.79264756,2064.8600
1627004605319000,1,0.29493365,2064.8600
1627004605319000,1,2.01200000,2064.8500
1627004636105000,1,1.81200000,2063.8900
1627004636106000,1,1.50900000,2063.8900
1627004638161000,0,2.30000000,2064.0300
1627004638543000,0,0.12000000,2064.0300
1627004639414000,0,0.00389438,2064.0300
1627004639414000,0,0.49610562,2064.3100
1627004639656000,0,0.84740000,2064.7000
1627004662657000,0,2.42000000,2062.5200
1627004662674000,0,0.00606717,2062.5200
1627004663039000,0,0.30000000,2062.6000
1627004663366000,0,0.30000000,2062.6800
1627004664059000,0,2.42000000,2062.5200
1627004671211000,0,0.28000000,2062.3700
1627004671221000,0,0.02000000,2062.3700
1627004674928000,0,0.00606717,2062.5200
1627004674928000,0,0.96393283,2062.5200
1627004674994000,0,0.23000000,2062.5200
1627004676672000,0,2.42612000,2062.0800
1627004676681000,0,0.00000910,2062.0800
1627004684227000,1,0.16976519,2062.4200
1627004686708000,0,0.30000000,2062.6400
1627004686708000,0,2.95000000,2062.6500
1627004687360000,0,0.30000000,2062.6400
1627004687997000,0,0.30000000,2062.6200
1627004688681000,0,0.30000000,2062.7500
1627004688681000,0,0.29000000,2062.7600
1627004689343000,0,0.09000000,2062.7400
1627004690007000,0,0.21000000,2062.7400
1627004695995000,0,0.30000000,2062.2800
1627004700769000,0,0.30000000,2062.5200
1627004702017000,0,2.42604158,2062.7000
1627004702017000,0,8.71395842,2063.0500
1627004704006000,0,0.30000000,2063.3000
1627004704729000,0,2.12511000,2063.3000
1627004704741000,0,0.00000526,2063.3000
1627004707358000,0,2.08000000,2064.4100
1627004708008000,0,0.34000000,2064.4100
1627004710671000,0,0.00381338,2064.4100
1627004710671000,0,0.29618662,2064.5400
1627004711383000,0,2.42000000,2064.4100
1627004712202000,0,1.00018830,2064.9900
1627004712205000,0,0.91343632,2064.9900
1627004712223000,0,0.50953425,2064.9900
1627004714009000,0,2.42000000,2065.6100
1627004714664000,0,0.30000000,2065.9800
1627004714727000,0,0.30000000,2066.4300
1627004724167000,1,0.34805000,2062.5600
1627004724499000,1,0.00000533,2062.5600
1627004748373000,1,0.10678311,2061.2000
1627004771828000,0,2.42347796,2064.3700
1627004784559000,1,5.00000000,2063.2500
1627004784669000,0,2.56000000,2064.8700
1627004789327000,0,2.42000000,2064.3500
1627004790668000,1,6.58839594,2063.2600
1627004793342000,0,2.42358747,2064.2100
1627004793342000,0,3.62641253,2064.3100
1627004794662000,0,2.42358747,2064.2100
1627004794662000,0,0.00641253,2064.3100
1627004796080000,0,2.42358747,2064.2100
1627004796080000,0,0.00290407,2064.3100
1627004796080000,0,3.63350846,2064.3100
1627004797334000,0,0.00222067,2064.3100
1627004797334000,0,2.36777933,2064.8800
1627004805448000,0,2.42419058,2063.7700
1627004817581000,0,0.01194620,2063.7000
1627004865800000,1,1.40000000,2060.1600
1627004867746000,0,1.40000000,2061.8000
1627004896635000,0,2.49000000,2060.0200
1627004923331000,0,2.42953714,2059.0700
1627004942731000,0,2.42972097,2059.1100
1627004988675000,1,0.26108000,2057.9900
1627004994876000,1,0.03000000,2060.0000
1627005014458000,0,0.96613908,2060.8600
1627005014483000,0,0.85590490,2060.8600
1627005014503000,0,0.60575746,2060.8600
1627005053958000,0,0.03000000,2064.6900
1627005054911000,0,0.00119000,2064.6900
1627005054911000,0,0.23973744,2064.9800
1627005064707000,1,0.55600000,2063.0500
1627005102607000,1,0.29800000,2062.2800
1627005104098000,1,0.24100000,2061.9600
1627005105273000,1,0.27999999,2061.6500
1627005105274000,1,0.20200001,2061.6500
1627005105274000,1,0.28000000,2061.6400
1627005108548000,0,2.42553000,2062.3400
1627005108594000,0,0.00000446,2062.3400
1627005145181000,1,0.18699999,2063.1700
1627005156423000,0,0.77709856,2064.2200
1627005156433000,0,0.84098685,2064.2200
1627005156434000,0,0.80553762,2064.2200
1627005158410000,0,2.42280000,2064.8700
1627005158915000,0,0.09651000,2065.0000
1627005165954000,1,0.89500000,2064.0800
1627005196999000,0,3.63540000,2064.7000
1627005245163000,0,0.98003897,2064.6400
1627005245238000,0,0.82957637,2064.6400
1627005248511000,0,0.03000000,2064.6400
1627005253137000,0,0.58344520,2064.6400
1627005253137000,0,0.25385918,2064.8000
1627005253150000,0,3.38073566,2064.8000
1627005296943000,0,0.00000272,2065.0000
1627005316860000,0,2.42000000,2066.1100
1627005318217000,0,0.00097294,2066.1100
1627005318217000,0,2.41902706,2066.1100
1627005318292000,0,0.00194588,2066.1100
1627005318292000,0,3.63200414,2066.5800
1627005318292000,0,0.36604998,2066.6600
1627005320882000,0,0.04781420,2066.1100
1627005321530000,0,2.28000000,2066.1100
1627005324517000,0,2.00450000,2066.5000
1627005324552000,0,0.41620102,2066.5000
1627005324552000,0,3.21579898,2066.5800
1627005324566000,0,0.41620516,2066.5800
1627005325761000,0,2.82000000,2068.0800
1627005340308000,0,0.25800000,2066.6700
1627005362110000,1,0.27600000,2066.4200
1627005362196000,1,0.29700000,2066.1000
1627005364112000,0,2.42089548,2066.8700
1627005364124000,0,0.00000001,2066.8700
1627005364248000,0,0.57800000,2067.1800
1627005364248000,0,2.03172732,2067.4400
1627005364281000,0,1.59922407,2067.4400
1627005364365000,0,0.97816990,2067.3300
1627005368457000,0,0.06775571,2069.4300
1627005374989000,1,1.29051448,2067.9500
1627005375012000,0,0.91276784,2069.5600
1627005375018000,0,0.00000001,2069.5600
1627005380814000,0,1.51500000,2071.0100
1627005382473000,1,1.00000000,2070.1800
1627005391015000,1,1.20000000,2067.2000
1627005402662000,1,0.22600000,2066.6700
1627005403404000,1,0.22800000,2066.3500
1627005404970000,1,0.16200000,2066.0300
1627005407419000,1,0.21100000,2065.7100
1627005411031000,1,0.19900000,2065.3900
1627005417619000,0,0.90724429,2066.2200
1627005418015000,1,0.22300000,2065.0700
1627005418015000,1,0.20100000,2064.7500
1627005418015000,1,6.97381365,2064.6600
1627005440757000,0,1.73660000,2067.6000
1627005442439000,0,2.41923932,2068.1900
1627005446153000,1,0.91276783,2067.1900
1627005446154000,1,0.00000001,2067.1900
1627005446156000,1,0.57900000,2066.8600
1627005446205000,1,0.48300000,2067.1100
1627005469453000,1,0.12100000,2067.1400
1627005469453000,1,0.07900000,2066.7900
1627005470408000,0,2.41919000,2068.3600
1627005470432000,0,0.00000757,2068.3600
1627005484878000,1,0.13109625,2069.0900
1627005486710000,1,0.20000000,2069.2100
1627005493571000,0,0.02282827,2070.2400
1627005532105000,1,0.02569500,2065.8600
1627005656993000,0,0.03336000,2066.4400
1627005783028000,1,0.30000000,2063.6400
1627005783136000,1,17.28890333,2063.4100
1627005917560000,1,0.58000000,2063.5900
1627005917560000,1,0.18371384,2063.5800
1627005917564000,1,0.30028616,2063.5800
1627005917761000,1,0.90929135,2063.0800
1627005917872000,1,1.60068706,2062.8500
1627005918369000,0,4.34737999,2063.5600
1627005918390000,0,0.00000001,2063.5600
1627005965784000,0,2.41997468,2067.0900
1627005965920000,0,2.73407518,2067.1000
1627005965941000,0,0.89578027,2067.1000
1627006027202000,0,2.41796868,2068.6300
1627006039966000,0,1.07273177,2070.9300
1627006039968000,0,0.91451351,2070.9300
1627006039971000,0,0.42875422,2070.9300
1627006040279000,0,0.90000000,2072.0000
1627006040404000,0,2.41567109,2071.5200
1627006040404000,0,3.62345908,2071.9300
1627006040486000,0,0.57018871,2072.8700
1627006040486000,0,0.02932409,2072.8800
1627006040486000,0,0.19446636,2073.0600
1627006040493000,0,2.80553364,2073.0600
1627006040626000,0,0.51094849,2072.3800
1627006040626000,0,1.62659186,2073.0900
1627006040626000,0,0.95727221,2073.1000
1627006040626000,0,0.91449641,2073.1600
1627006042597000,1,4.82600000,2073.1600
1627006042824000,1,0.02899047,2073.5700
1627006042824000,1,0.47100953,2073.1600
1627006043162000,1,0.30000000,2073.3400
1627006043306000,0,0.30000000,2074.8000
1627006043331000,0,1.05000000,2074.9900
1627006043331000,0,0.06200000,2075.0000
1627006043331000,0,0.50000000,2075.0000
1627006043331000,0,12.00000000,2075.0000
1627006043893000,0,0.90929136,2075.3200
1627006043893000,0,0.03072006,2075.7200
1627006043893000,0,0.02911079,2076.2100
1627006043893000,0,0.03155343,2076.7800
1627006043893000,0,1.41549203,2077.0400
1627006048642000,0,0.02000000,2072.7400
1627006048642000,0,0.30000000,2072.7500
1627006048642000,0,0.20012653,2072.7600
1627006055585000,1,0.03017915,2070.1800
1627006055942000,0,0.30000000,2071.6700
1627006055942000,0,4.70000000,2071.6800
1627006058895000,0,0.02000000,2071.0700
1627006058895000,0,0.02000000,2071.0900
1627006058895000,0,7.15139623,2071.3400
1627006058900000,0,2.41613901,2071.4000
1627006058903000,0,0.30000000,2071.0600
1627006058951000,0,0.90929136,2071.7600
1627006058951000,0,3.62413922,2072.4800
1627006065829000,0,0.57600000,2071.3800
1627006065829000,0,0.48200000,2071.3900
1627006068533000,0,4.75939491,2071.8800
1627006068533000,0,5.24060509,2071.8800
1627006108006000,1,6.88670860,2067.5500
1627006169855000,1,0.02000000,2067.5200
1627006220229000,0,2.41854375,2067.6600
1627006222429000,0,2.41854375,2067.6600
1627006224691000,0,1.93000000,2067.6600
1627006224794000,0,0.48854375,2067.6600
1627006225136000,1,0.02000000,2066.7300
1627006225136000,1,0.02000000,2066.7000
1627006225136000,1,0.58000000,2066.6600
1627006225136000,1,1.35000000,2066.6200
1627006230636000,0,2.30000000,2067.6600
1627006231381000,0,0.11000000,2067.6600
1627006275925000,0,1.95744000,2067.8800
1627006275972000,0,0.44000000,2067.8800
1627006275981000,0,0.02107713,2067.8800
1627006278024000,0,0.02734000,2068.1400
1627006278024000,0,2.41822981,2068.1600
1627006293771000,0,2.41263715,2067.8700
1627006300176000,1,0.48200000,2066.6400
1627006300176000,1,0.28200000,2066.6300
1627006300922000,1,0.29900000,2066.9000
1627006309285000,1,0.48100000,2066.6000
1627006309285000,1,0.32700000,2066.5800
1627006309694000,1,0.28800000,2066.2600
1627006366771000,1,0.02933463,2068.1200
1627006366771000,1,0.02000000,2067.7700
1627006366771000,1,0.02890822,2067.6600
1627006366771000,1,1.42175715,2067.6200
1627006382603000,0,4.56772073,2069.1100
1627006383542000,1,0.32860507,2068.2500
1627006388894000,1,0.10200000,2070.0000
1627006395253000,1,0.13800000,2069.6800
1627006444332000,0,0.88492543,2070.8800
1627006444335000,0,0.80846379,2070.8800
1627006444336000,0,0.72221810,2070.8800
1627006444361000,0,0.80582221,2070.9000
1627006444478000,0,0.98808860,2071.2000
1627006444483000,0,1.42728556,2071.2000
1627006444483000,0,0.58513075,2071.3600
1627006444535000,0,0.92179130,2071.3600
1627006499664000,0,2.41144933,2074.4300
1627006502213000,0,0.03286573,2077.2700
1627006502216000,0,2.40921972,2077.3400
1627006514621000,1,5.43894673,2072.0100
1627006517935000,1,0.97976000,2071.1000
1627006517986000,1,0.00000919,2071.1000
1627006517986000,1,7.89999081,2071.0900
1627006518034000,1,1.14786000,2071.0900
1627006539691000,1,0.10400000,2069.6400
1627006540568000,1,0.10600000,2069.3200
1627006558014000,0,2.41710000,2069.4400
1627006558066000,0,0.00003956,2069.4400
1627006610976000,1,0.48200000,2067.5800
1627006610976000,1,0.97147859,2067.5700
1627006610976000,1,0.57800000,2067.5300
1627006622434000,1,0.48000000,2067.2300
1627006622434000,1,0.13544548,2067.2200
1627006624206000,1,1.50000000,2067.2200
1627006692612000,1,0.17300000,2067.6600
1627006710140000,1,0.14700000,2067.3400
1627006710140000,1,0.17200000,2067.0200
1627006710140000,1,0.02000000,2066.8500
1627006710140000,1,0.17000000,2066.7000
1627006710140000,1,0.03070017,2066.6700
1627006710140000,1,8.81452546,2066.6100
1627006710140000,1,9.45174874,2066.6000
1627006710140000,1,0.90988066,2066.5400
1627006710140000,1,2.41850439,2066.4400
1627006710140000,1,9.36262977,2066.3900
1627006710140000,1,1.00000000,2066.3900
1627006710140000,1,15.67693744,2066.3800
1627006710140000,1,0.15300000,2066.3800
1627006710140000,1,0.30000000,2066.3800
1627006710140000,1,3.62748325,2066.3700
1627006710140000,1,2.01780000,2066.3400
1627006710140000,1,0.02998016,2066.2000
1627006710140000,1,0.18193075,2066.0700
1627006710140000,1,0.16900000,2066.0600
1627006710140000,1,4.83662081,2065.9700
1627006710140000,1,8.69274046,2065.8500
1627006710140000,1,4.45751794,2065.8400
1627006710176000,1,26.44078206,2065.8400
1627006711839000,0,3.62748000,2066.3700
1627006718937000,0,0.04000000,2067.5800
1627006719407000,0,0.04000000,2067.5400
1627006725434000,0,1.73000000,2067.2100
1627006726393000,0,0.15000000,2067.6100
1627006726960000,0,1.47000000,2067.6100
1627006727005000,0,0.45096892,2067.6100
1627006727389000,0,0.34000000,2067.6100
1627006738068000,0,1.30000000,2068.2300
1627006740808000,0,2.39000000,2068.3900
1627006740857000,0,2.39000000,2068.3900
1627006741894000,0,0.19093893,2068.4100
1627006742446000,0,0.38000000,2068.4100
1627006742745000,0,0.83000000,2068.4100
1627006745648000,0,7.96000000,2068.4100
1627006756107000,0,1.04000000,2068.9800
1627006761689000,0,0.98000000,2068.8000
1627006763429000,0,0.21000000,2068.8400
1627006764817000,0,3.65000000,2068.8300
1627006765928000,0,3.11000000,2068.8400
1627006767444000,0,3.59000000,2069.2300
1627006772528000,0,0.04806577,2070.0800
1627006772556000,0,0.03000000,2070.0800
1627006773468000,0,1.24000000,2070.0800
1627006778790000,0,3.37000000,2070.9800
1627006796248000,0,9.40725638,2070.6300
1627006796248000,0,8.86663528,2070.6300
1627006796248000,0,9.46610834,2070.6300
1627006800721000,1,0.77000000,2068.8700
1627006801346000,1,0.69400000,2068.8700
1627006801346000,1,0.12100000,2068.8600
1627006803188000,1,0.68899999,2068.5500
1627006803188000,1,0.00000001,2068.5500
1627006803188000,1,0.10400000,2068.5400
1627006845200000,1,0.14400000,2068.3800
1627006845549000,0,0.09100000,2068.3800
1627006859777000,0,0.13000000,2069.3100
1627006860063000,0,0.38000000,2069.3100
1627006860110000,0,0.38000000,2069.3100
1627006860339000,0,1.52000000,2069.3100
1627006865141000,0,0.00721754,2069.3100
1627006865141000,0,0.02278246,2069.3100
1627006865178000,0,0.00476754,2069.3100
1627006870373000,0,2.41000000,2069.5800
1627006881101000,1,0.57900000,2067.5700
1627006922225000,1,3.26000000,2066.8400
1627006924181000,1,10.00000000,2066.5100
1627006924181000,1,2.00000000,2066.4100
1627006926693000,0,0.70000000,2067.1400
1627006926710000,0,0.70000000,2067.1400
1627006926932000,0,1.62000000,2067.1500
1627006930284000,0,1.36000000,2067.0200
1627006930942000,0,1.05000000,2067.0200
1627006932777000,0,0.00971093,2067.0200
1627006932777000,0,1.22028907,2067.0200
1627006933829000,0,1.74000000,2067.0200
1627006935048000,0,0.21000000,2067.0200
1627006935659000,0,0.46000000,2067.0000
1627006944287000,0,2.42000000,2066.7000
1627006946286000,0,0.00013590,2066.7000
1627006946286000,0,2.41986410,2066.7000
1627006948587000,1,1.72200000,2065.1800
1627006948587000,1,1.47800000,2065.1500
1627006948607000,1,0.14021699,2065.1400
1627006950945000,0,0.00027180,2066.7000
1627006966377000,1,0.85200000,2065.9100
1627006966377000,1,0.70800000,2065.9100
1627007036664000,1,1.40000000,2065.1100
1627007036664000,1,8.68760552,2065.0000
1627007036664000,1,1.91239448,2065.0000
1627007040752000,0,10.00000000,2066.0600
1627007040752000,0,2.00000000,2066.1600
1627007042783000,0,1.19000000,2066.0500
1627007042999000,0,0.19578197,2066.0500
1627007050895000,0,0.97050068,2066.1500
1627007050895000,0,2.42102762,2066.2300
1627007052809000,0,0.89000000,2067.2200
1627007060874000,0,0.39000000,2068.0000
1627007067504000,0,0.96000000,2068.1300
1627007069294000,0,0.02000000,2068.6700
1627007069294000,0,9.30471293,2068.6700
1627007069294000,0,9.42917952,2068.6700
1627007069294000,0,10.00000000,2068.6800
1627007069294000,0,0.90927598,2069.0200
1627007069294000,0,1.00000000,2069.0700
1627007069294000,0,8.96271507,2069.0800
1627007069294000,0,2.05010000,2069.0900
1627007069294000,0,2.41823617,2069.1300
1627007069294000,0,0.30000000,2069.2200
1627007069294000,0,0.02955307,2069.3000
1627007069294000,0,0.95460849,2069.3300
1627007069294000,0,3.62721393,2069.5200
1627007069294000,0,1.12367884,2069.5400
1627007069294000,0,4.83734311,2069.5500
1627007069294000,0,0.02958661,2070.2500
1627007069294000,0,7.50000000,2070.3000
1627007069294000,0,0.57081111,2070.4500
1627007069294000,0,1.22811400,2070.4500
1627007069294000,0,0.96423016,2070.4600
1627007069294000,0,34.33723381,2070.4800
1627007069294000,0,0.17532077,2070.5800
1627007069294000,0,17.94312869,2070.5900
1627007100956000,1,1.59100000,2067.9500
1627007100959000,1,1.32600000,2067.9400
1627007149826000,0,0.02285675,2067.6600
1627007157507000,0,2.32000000,2066.9800
1627007157635000,0,0.09980518,2066.9800
1627007202068000,0,0.24000000,2065.4800
1627007214343000,1,0.84100000,2064.4300
1627007214345000,1,0.77697184,2064.4000
1627007214349000,1,1.12944954,2064.4000
1627007214428000,1,0.04217862,2064.4000
1627007282874000,0,0.02000000,2065.5300
1627007328599000,1,0.48200000,2064.1800
1627007328637000,1,0.92780217,2063.8800
1627007328637000,1,4.01871189,2063.8800
1627007328707000,1,0.58000000,2063.9000
1627007398822000,1,0.58000000,2062.9700
1627007398822000,1,0.24309714,2062.9700
1627007418696000,1,0.48200000,2061.5500
1627007418696000,1,0.58000000,2061.5400
1627007436549000,0,0.01930000,2061.4100
1627007448791000,1,0.58000000,2060.2200
1627007491488000,0,1.32000000,2060.6600
1627007491606000,0,1.10727453,2060.6600
1627007493571000,0,1.18000000,2060.6600
1627007493662000,0,1.24727000,2060.6600
1627007493663000,0,0.00000453,2060.6600
1627007493718000,0,0.02390000,2060.9800
1627007507377000,1,0.36300000,2061.1800
1627007507427000,1,0.32800000,2060.8600
1627007527577000,1,0.48300000,2060.5500
1627007544238000,1,0.18993018,2060.5500
1627007560693000,0,2.42000000,2061.1800
1627007573112000,1,0.48200000,2060.4900
1627007573159000,1,0.27000000,2060.4800
1627007574277000,1,0.48400000,2060.1700
1627007574377000,1,0.22700000,2060.1600
1627007591078000,1,0.24696000,2059.8400
1627007594170000,1,0.00504000,2059.8400
1627007594170000,1,0.25400000,2059.5200
1627007594170000,1,0.26600000,2059.2000
1627007594170000,1,8.91061225,2059.1000
1627007594170000,1,8.79002930,2059.0900
1627007611434000,1,0.63000000,2058.8800
1627007629219000,1,0.28500000,2057.4900
1627007629220000,1,0.02000000,2057.2400
1627007629220000,1,0.91221681,2057.2300
1627007629220000,1,0.26300000,2057.1700
1627007629281000,1,0.22600000,2056.8500
1627007629287000,1,1.26220033,2056.7500
1627007629359000,1,0.82516036,2056.6800
1627007629627000,0,0.91221000,2057.2300
1627007630053000,0,0.07499999,2057.3300
1627007630054000,0,0.00000001,2057.3300
1627007635239000,1,0.28199999,2056.5300
1627007658754000,1,0.13600000,2056.3900
1627007662441000,1,0.15700000,2056.0700
1627007695534000,1,0.10900000,2057.2700
1627007696309000,1,0.05119957,2056.9500
1627007696537000,1,0.05980043,2056.9500
1627007696938000,1,0.10300000,2056.6300
1627007697370000,1,0.11200000,2056.3100
1627007740452000,0,2.03298707,2057.7400
1627007744213000,0,2.03325380,2057.7300
1627007745078000,0,2.43109823,2057.7600
1627007751566000,1,0.11900000,2058.1500
1627007751867000,1,0.14600000,2057.8300
1627007753328000,1,0.14700000,2057.5100
1627007756437000,0,0.30000000,2058.3900
1627007756437000,0,1.33735009,2058.4400
1627007788024000,0,0.02000000,2063.8100
1627007788024000,0,9.09035901,2063.8100
1627007796580000,1,0.48400000,2062.1700
1627007813026000,1,0.10600000,2060.7000
1627007813762000,1,0.10800000,2060.3800
1627007815773000,1,0.12500000,2060.0600
1627007815773000,1,0.48400000,2060.0600
1627007840189000,0,1.27000000,2062.0400
1627007852206000,0,0.25000000,2061.5800
1627007857422000,1,0.48400000,2059.9100
1627007869015000,0,0.71000000,2060.4700
1627007869016000,0,0.05000000,2060.4700
1627007869032000,0,1.66770492,2060.4700
1627007877591000,0,1.75000000,2060.9500
1627007878439000,0,0.35949410,2060.9500
1627007916358000,0,0.43000000,2060.6200
1627007916404000,0,1.23000000,2060.6200
1627008036106000,0,2.42290000,2064.8400
1627008037063000,1,1.38580000,2064.6200
1627008056596000,0,0.30000000,2064.9700
1627008056596000,0,0.34916582,2064.9800
1627008075134000,1,0.48300000,2063.1600
1627008075823000,1,0.58000000,2062.4000
1627008151390000,1,10.00000000,2060.4700
1627008151390000,1,0.91221902,2060.3700
1627008151390000,1,0.02938473,2060.3500
1627008151390000,1,9.38961797,2060.1300
1627008151390000,1,8.66645030,2060.1200
1627008151390000,1,9.03510957,2060.1200
1627008151390000,1,8.97337054,2060.1100
1627008151390000,1,1.74340000,2060.1000
1627008151390000,1,6.00000000,2060.1000
1627008151390000,1,2.42566535,2059.9200
1627008151847000,1,0.02939555,2059.9000
1627008152519000,1,0.02000000,2060.1200
1627008152519000,1,8.23000000,2060.1100
1627008190578000,0,0.35000000,2060.6000
1627008191185000,0,3.96000000,2060.5600
1627008191856000,0,8.66869140,2060.5500
1627008191856000,0,2.39130860,2060.5600
1627008193977000,0,1.24000000,2060.6600
1627008346970000,1,0.02000000,2060.8000
1627008346970000,1,0.48200000,2060.7900
1627008391823000,0,0.03000000,2059.2000
1627008393487000,0,0.00416000,2059.2000
1627008393487000,0,2.71584000,2059.5200
1627008404459000,0,1.24000000,2059.4200
1627008461293000,1,0.48500000,2058.4800
1627008461293000,1,0.58000000,2058.3600
1627008461293000,1,0.67786000,2058.3300
1627008461600000,1,10.00000000,2058.4400
1627008461600000,1,0.48300000,2058.3400
1627008461600000,1,8.56900743,2058.3300
1627008461600000,1,0.24699257,2058.2300
1627008461601000,1,8.96401180,2058.2300
1627008461601000,1,8.95045131,2058.2300
1627008461601000,1,2.42808702,2058.2200
1627008461674000,1,0.01426328,2058.0800
1627008461674000,1,3.64210530,2058.0200
1627008461674000,1,0.18769906,2057.9300
1627008467618000,0,1.95000000,2059.0100
1627008467662000,0,0.96000000,2059.0100
1627008467875000,0,0.91000000,2058.9600
1627008474223000,0,2.23000000,2059.6200
1627008474899000,0,0.91221903,2059.9800
1627008474899000,0,0.99778097,2060.0000
1627008498091000,0,0.50000000,2059.1300
1627008498875000,0,3.54000000,2059.6200
1627008503581000,0,1.13000000,2059.6100
1627008504174000,0,0.12000000,2059.6100
1627008504760000,0,5.71000000,2059.6100
1627008505452000,0,1.79000000,2059.6300
1627008506097000,0,4.17000000,2059.9800
1627008513348000,0,0.00221903,2060.0000
1627008516205000,0,10.00000000,2060.2300
1627008524173000,0,1.62000000,2060.0300
1627008524829000,0,1.65000000,2060.0300
1627008525702000,0,2.08000000,2060.0300
1627008532683000,0,1.06000000,2060.0800
1627008533427000,0,0.50000000,2060.0800
1627008534207000,0,2.81000000,2060.0800
1627008534379000,0,14.92900000,2060.0800
1627008534379000,0,2.42779063,2060.0900
1627008534893000,0,0.45000000,2060.0900
1627008541031000,0,2.42746233,2060.3500
1627008541031000,0,8.63013604,2060.3800
1627008541031000,0,8.24140163,2060.3900
1627008541116000,0,1.19035164,2060.3900
1627008541116000,0,9.41339583,2060.4000
1627008541116000,0,3.64152814,2060.4100
1627008542093000,0,19.29900000,2060.7300
1627008542130000,0,1.54300000,2060.7300
1627008542394000,0,1.77120000,2060.8100
1627008579204000,1,0.02000000,2059.2000
1627008579204000,1,0.48300000,2059.1900
1627008599784000,1,0.48300000,2058.3900
1627008599784000,1,1.87214980,2058.3800
1627008719433000,0,2.42000000,2062.4700
1627008719434000,0,0.00523008,2062.4700
1627008740767000,0,10.00000000,2063.8400
1627008740767000,0,2.11197949,2063.9700
1627008740767000,0,9.37985726,2063.9800
1627008740767000,0,8.67138464,2063.9900
1627008740767000,0,2.42372510,2064.1000
1627008740767000,0,9.09507705,2064.3600
1627008740767000,0,2.68095083,2064.3700
1627008742347000,1,1.40000000,2062.6200
1627008742347000,1,1.24000000,2062.6100
1627008742434000,1,2.42256202,2062.3300
1627008742483000,1,1.20000000,2062.5000
1627008742489000,1,5.04859313,2061.9800
1627008742489000,1,1.98417648,2061.9800
1627008742490000,1,0.80936951,2061.9800
1627008742530000,1,0.91554060,2062.5300
1627008742530000,1,0.52645940,2062.5300
1627008742539000,1,1.57129808,2061.9800
1627008742600000,1,0.97052854,2062.0000
1627008742601000,1,1.45346758,2062.0000
1627008742601000,1,1.22202488,2061.9800
1627008742601000,1,1.25585299,2061.9800
1627008742686000,1,0.83000000,2062.6400
1627008743438000,1,0.79900000,2062.3200
1627008743438000,1,0.79900000,2062.0000
1627008746646000,1,0.72510000,2062.5900
1627008777099000,0,2.42378224,2063.9300
1627008777115000,0,1.88752211,2064.0900
1627008777182000,0,1.74783586,2064.0900
1627008790028000,1,0.48600000,2062.8800
1627008799832000,1,0.61300000,2062.5700
1627008799832000,1,0.63500000,2062.5600
1627008808770000,1,0.59400000,2062.5300
1627008808770000,1,0.19453265,2062.5200
1627008828144000,0,1.00000000,2063.0400
1627008828176000,0,1.42460636,2063.0400
1627008841440000,0,1.03000000,2063.0400
1627008842057000,0,1.06000000,2063.0400
1627008851371000,0,2.42412687,2063.2800
1627008851389000,0,3.63631698,2063.4200
1627008851477000,0,2.42412687,2063.2800
1627008864211000,1,0.37100000,2063.6000
1627008866510000,1,0.43100000,2063.2800
1627008872659000,1,0.37600000,2062.9600
1627008882689000,0,0.04580322,2063.6100
1627008889873000,1,0.44000000,2062.6400
1627008895985000,1,0.28300000,2062.5800
1627008913727000,0,1.01838640,2064.0700
1627009057695000,0,0.02000000,2066.0600
1627009135608000,0,0.02288398,2065.2000
1627009201219000,1,3.62890000,2066.1600
1627009201229000,1,0.00003561,2066.1600
1627009202793000,0,0.02000000,2066.3600
1627009202793000,0,0.63200000,2066.3700
1627009203933000,0,0.91381643,2067.3000
1627009205264000,0,0.02900000,2067.3200
1627009211933000,0,0.00049000,2067.3200
1627009214446000,1,8.82530000,2068.0700
1627009218511000,1,1.47886925,2067.9200
1627009232092000,0,0.29999999,2067.3900
1627009232099000,0,0.00000001,2067.3900
1627009245703000,1,0.02900000,2066.1100
1627009251758000,1,0.91801917,2066.1100
1627009262244000,1,0.90547752,2065.9400
1627009262245000,1,1.09484030,2065.9400
1627009262256000,1,0.24832531,2065.9400
1627009338740000,1,0.23339000,2063.9800
1627009338954000,1,0.00000685,2063.9800
1627009351179000,1,3.86280000,2063.8800
1627009353258000,1,0.00008343,2063.8800
1627009353258000,1,1.40678657,2063.8800
1627009400730000,1,0.00000575,2063.8800
1627009411211000,1,4.67664000,2063.4300
1627009412303000,1,0.00000981,2063.4300
1627009441241000,1,5.60000000,2063.5100
1627009441275000,1,0.41528630,2063.5100
1627009443149000,1,1.77260000,2063.5100
1627009443150000,1,0.00008598,2063.5100
1627009450075000,0,2.42382594,2063.5600
1627009471375000,0,10.00000000,2063.6400
1627009473068000,1,0.00346652,2063.6700
1627009501216000,0,0.03537163,2064.4600
1627009685134000,0,2.42404809,2063.4900
1627009736620000,0,2.42347869,2063.7500
1627009736620000,0,0.02775000,2063.7600
1627009736635000,0,0.96436148,2063.9300
1627009736673000,0,0.86970519,2063.9300
1627009736706000,0,1.80123095,2063.9300
1627009736759000,0,2.34651387,2063.7500
1627009800369000,1,0.20000000,2062.8800
1627009800369000,1,0.48400000,2062.8100
1627009800369000,1,0.58000000,2062.7300
1627009923081000,1,1.32300000,2063.8600
1627009925505000,1,0.80541705,2063.5400
1627009925562000,1,0.41058000,2063.5400
1627009929431000,1,0.00000295,2063.5400
1627009933369000,1,1.28700000,2063.2200
1627009933519000,1,1.07300000,2062.9000
1627009934195000,1,0.27961644,2062.5800
1627009934255000,1,0.39058794,2062.5800
1627009948008000,1,0.45700000,2062.5900
1627009948008000,1,0.48400000,2062.4600
1627009948008000,1,0.57800000,2062.3000
1627009948008000,1,0.29631001,2062.2800
1627009956999000,1,0.42600000,2062.2700
1627009959158000,1,0.55800000,2061.9500
1627009961836000,0,0.30000000,2062.5700
1627009961836000,0,0.48200000,2062.6100
1627009961836000,0,2.42496097,2062.6200
1627009961836000,0,0.58100000,2062.8000
1627009961836000,0,1.43171033,2062.8600
1627009970369000,1,0.55300000,2061.6300
1627009974719000,1,0.49200000,2061.3100
1627009993400000,1,0.35900000,2061.2200
1627009993400000,1,0.48200000,2061.1500
1627009993400000,1,0.36900000,2060.9000
1627009993400000,1,0.03092270,2060.7500
1627009993400000,1,0.69455030,2060.6700
1627010010860000,1,0.23100000,2062.0400
1627010036357000,1,0.20000000,2061.7200
1627010053135000,0,0.29000000,2061.6400
1627010066413000,1,0.15200000,2061.4100
1627010079063000,0,1.28412452,2061.8200
1627010079064000,0,2.35530178,2061.8200
1627010079075000,0,1.29608250,2061.9000
1627010079078000,0,0.83258805,2061.9000
1627010079084000,0,0.29718750,2061.9000
1627010079140000,0,0.48400000,2061.8600
1627010079140000,0,0.58100000,2061.8800
1627010079170000,0,0.02000000,2062.1100
1627010079170000,0,0.76512775,2062.1100
1627010124778000,0,0.85486932,2063.6500
1627010127903000,0,0.05000000,2063.6500
1627010127941000,0,0.00690980,2063.6500
1627010192124000,0,0.57844954,2065.8500
1627010221328000,0,2.33436231,2066.5100
1627010246022000,1,0.48300000,2064.8300
1627010299705000,1,0.48100000,2063.2900
1627010299926000,1,0.57800000,2063.1300
1627010321289000,0,0.04823774,2062.7000
1627010420560000,1,0.48400000,2060.1300
1627010420560000,1,0.91177911,2060.1100
1627010420668000,1,0.58200000,2060.0500
1627010435956000,1,0.16423000,2060.1200
1627010455673000,1,3.27517642,2060.0000
1627010455675000,1,1.10472420,2060.0000
1627010455686000,1,40.00000000,2060.0000
1627010455688000,1,1.85507160,2060.0000
1627010455688000,1,0.82323365,2060.0000
1627010455691000,1,1.29858039,2060.0000
1627010455704000,1,0.85182707,2060.0000
1627010455712000,1,0.94393508,2060.0000
1627010455725000,1,10.45000000,2060.0000
1627010455745000,1,0.72800000,2060.0000
1627010455761000,1,0.97403155,2060.0000
1627010455817000,1,2.78170000,2060.0000
1627010455870000,1,3.85000000,2060.0000
1627010455925000,1,3.40000000,2060.0000
1627010455977000,1,9.17755499,2060.0000
1627010456047000,1,0.81017965,2059.9900
1627010456174000,1,1.13182035,2059.9900
1627010458478000,1,0.95600000,2060.0000
1627010458478000,1,0.48300000,2059.8600
1627010468738000,1,0.48800000,2059.4800
1627010492472000,1,0.04177000,2059.6900
1627010499386000,0,2.42734535,2060.7200
1627010514199000,0,0.02368660,2060.7200
1627010514878000,0,0.00048340,2060.7200
1627010538457000,1,0.44100000,2059.6800
1627010548006000,1,0.48200000,2058.7300
1627010548006000,1,0.32000000,2058.7200
1627010573329000,1,0.42200000,2058.8900
1627010575576000,1,0.33600000,2058.5700
1627010623472000,1,0.48300000,2057.9700
1627010623472000,1,0.27499999,2057.9600
1627010623474000,1,0.00000001,2057.9600
1627010629493000,1,0.28800000,2057.6400
1627010629981000,0,1.73197000,2057.6400
1627010641530000,0,0.00000646,2057.6400
1627010664033000,0,2.43069290,2057.9500
1627010664064000,0,0.30000000,2057.9700
1627010664110000,0,0.48500000,2058.0800
1627010664116000,0,0.58100000,2058.3600
1627010664116000,0,2.24373909,2058.4300
1627010685255000,0,0.30000000,2058.0300
1627010693657000,0,1.92458451,2058.8500
1627010693662000,0,0.50519273,2058.8500
1627010723536000,1,2.30000000,2059.5700
1627010723536000,1,1.89000000,2059.5600
1627010751964000,1,1.66600000,2057.6000
1627010751964000,1,1.38900000,2057.5900
1627010758017000,1,1.33741703,2057.0500
1627010769657000,1,0.12400000,2056.7900
1627010769781000,1,0.13600000,2056.4700
1627010769781000,1,0.12100000,2056.1500
1627010770302000,1,0.15600000,2055.8300
1627010770707000,1,0.16000000,2055.5100
1627010771285000,1,0.15999999,2055.3300
1627010783958000,0,1.58522509,2058.3000
1627010784008000,0,0.84557564,2058.3000
1627010797566000,0,0.30000000,2057.8700
1627010797569000,0,2.43111235,2058.2300
1627010797683000,0,0.30000000,2058.2200
1627010801371000,1,0.48500000,2056.3600
1627010801371000,1,0.35571341,2056.3600
1627010879788000,0,2.43026000,2058.3200
1627010886066000,0,0.00000147,2058.3200
1627010886066000,0,2.43026147,2058.3200
1627010886066000,0,3.64547699,2058.4000
1627010911065000,0,1.85714000,2058.3300
1627010911066000,0,0.57310609,2058.3300
1627010952743000,0,2.42940638,2059.2100
1627011030623000,0,1.70000000,2059.6800
1627011034622000,0,2.42778123,2060.5200
1627011106337000,0,2.42613000,2061.7400
1627011134280000,1,0.31199999,2060.8400
1627011137556000,1,0.00000001,2060.8400
1627011137556000,1,0.26499999,2060.5200
1627011137818000,1,0.00000001,2060.5200
1627011138200000,1,0.28400000,2060.2000
1627011139935000,1,0.30900000,2059.8800
1627011153100000,1,0.36600000,2059.5600
1627011156349000,1,0.17000000,2059.4300
1627011225403000,0,0.96752107,2060.6900
1627011225418000,0,1.45979710,2060.6900
1627011225516000,0,2.38000000,2060.6900
1627011271297000,1,0.26600000,2059.9700
1627011271297000,1,0.33900000,2059.6500
1627011271888000,1,0.33900000,2059.3300
1627011305961000,0,1.13498591,2061.6700
1627011305992000,0,1.29150381,2061.6700
1627011334212000,0,0.86895179,2061.1500
1627011347883000,1,0.27600000,2060.2400
1627011348574000,1,0.35400000,2059.9200
1627011349708000,1,0.14000000,2059.6000
1627011367231000,1,0.48300000,2059.5000
1627011367231000,1,2.29609700,2059.1900
1627011367232000,1,0.93250562,2059.1900
1627011367233000,1,2.86011127,2059.1900
1627011367233000,1,2.14830129,2059.1900
1627011367366000,1,0.30200000,2059.8600
1627011367366000,1,0.56477454,2059.2700
1627011367854000,1,0.31000000,2059.5400
1627011368089000,1,0.16631418,2059.2200
1627011368216000,1,0.10168582,2059.2200
1627011368561000,1,0.14688660,2058.9000
1627011368740000,1,0.07611340,2058.9000
1627011369111000,1,0.07709773,2058.5800
1627011369173000,1,0.17790227,2058.5800
1627011404620000,1,0.10200000,2058.2500
1627011560013000,1,0.02000000,2058.4000
1627011590520000,0,2.42981724,2058.7900
1627011590550000,0,3.64476316,2058.9200
1627011590594000,0,0.58100000,2059.0500
1627011669440000,1,0.98531588,2057.9800
1627011669447000,1,1.64908579,2057.9800
1627011669499000,1,0.88400094,2057.9800
1627011669536000,1,0.87335032,2057.9800
1627011711330000,0,1.29000000,2056.0400
1627011713352000,0,0.41000000,2056.0400
1627011716385000,0,0.73248000,2056.0400
1627011716398000,0,0.00000240,2056.0400
1627011745009000,0,2.43326385,2055.4600
1627011745009000,0,3.64989577,2055.6000
1627011745009000,0,1.19600000,2055.9700
1627011745055000,1,2.72084038,2056.0400
1627011752720000,1,0.81487354,2055.0000
1627011752721000,1,0.18512646,2055.0000
1627011813145000,0,1.14509165,2055.6000
1627011813148000,0,1.28791066,2055.6000
1627011813210000,0,3.64946000,2056.0800
1627011813211000,0,0.00000680,2056.0800
1627011813496000,0,1.12000000,2056.9200
1627011813496000,0,1.83651282,2057.2200
1627011813526000,0,2.24937537,2057.2200
1627011895029000,1,0.01443953,2057.0600
1627011910673000,1,0.10800000,2055.9600
1627011922932000,1,0.78349692,2054.6600
1627011933844000,1,0.01443953,2054.5100
1627011964725000,0,1.13266597,2055.7100
1627011964747000,0,1.13813962,2055.7100
1627011964784000,0,0.16224500,2055.7100
1627012019832000,0,0.03110999,2057.9200
1627012019839000,0,0.00000001,2057.9200
1627012042929000,0,1.84070156,2058.4100
1627012095630000,1,0.11699999,2057.3500
1627012095630000,1,0.00000001,2057.3500
1627012118744000,0,1.08087543,2056.5100
1627012118781000,0,1.35136044,2056.5100
1627012177096000,1,0.19800000,2057.6500
1627012182735000,0,1.26972598,2057.7800
1627012182751000,0,0.95848924,2057.7800
1627012182754000,0,1.41791793,2057.7800
1627012191392000,0,2.42983197,2058.4000
1627012191392000,0,0.67124308,2058.4100
1627012191397000,0,0.91765975,2058.4100
1627012191401000,0,0.82612550,2058.4100
1627012191469000,0,1.22999496,2058.4100
1627012191547000,0,1.22999000,2058.4000
1627012191589000,0,1.06400000,2058.4000
1627012191591000,0,0.13584197,2058.4000
1627012351431000,1,0.88100000,2057.9300
1627012351527000,1,1.05200000,2057.6100
1627012359038000,1,0.99500000,2057.2900
1627012453995000,0,0.58200000,2058.0900
1627012503327000,1,0.27000000,2058.2800
1627012505999000,1,0.00500000,2058.2800
1627012505999000,1,0.24500000,2057.9600
1627012507989000,1,0.00500000,2057.9600
1627012507989000,1,0.23500000,2057.6400
1627012515319000,1,0.16000000,2057.7000
1627012526640000,1,0.00700000,2057.7000
1627012526640000,1,0.15300000,2057.3800
1627012546113000,1,0.18000000,2057.6100
1627012568178000,0,2.43060000,2057.8700
1627012568192000,0,0.00008778,2057.8700
1627012625934000,0,2.08264000,2059.4400
1627012625947000,0,0.34623299,2059.4400
1627012626053000,0,1.56386182,2059.7100
1627012690758000,1,0.30099999,2059.4600
1627012690769000,1,0.00000001,2059.4600
1627012700852000,1,0.25000000,2060.0300
1627012721968000,1,0.22400000,2059.1100
1627012772258000,1,0.11445296,2059.2200
1627012772471000,1,0.07654704,2059.2200
1627012772471000,1,0.02493048,2059.1700
1627012853581000,1,0.37000000,2059.9900
1627012853581000,1,0.32100000,2059.6700
1627012914748000,1,0.27000000,2059.2700
1627012914908000,0,0.05000000,2059.7900
1627012917400000,1,0.00300000,2059.2700
1627012917400000,1,0.35700000,2058.9500
1627012923141000,1,0.00100000,2058.9500
1627012923141000,1,0.28200000,2058.6300
1627012924458000,1,0.26300000,2058.3100
1627012925915000,1,0.35800000,2057.9900
1627012933321000,1,0.27000000,2057.6700
1627012933620000,1,0.00300000,2057.6700
1627012948017000,1,5.76028749,2056.1100
1627013053268000,1,0.58200000,2056.6300
1627013053268000,1,8.41800000,2056.6100
1627013094161000,1,0.91301813,2056.0800
1627013094233000,1,0.33400000,2056.0200
1627013143937000,0,0.02000000,2057.3800
1627013143937000,0,0.48400000,2057.3900
1627013143937000,0,0.30021616,2057.4200
1627013143938000,0,0.76392520,2057.4200
1627013143943000,0,0.86245881,2057.4200
1627013144059000,0,0.58000000,2057.6000
1627013245338000,0,0.03400000,2058.6800
1627013245635000,0,0.00077000,2058.6800
1627013393620000,0,2.42928000,2058.9400
1627013406560000,0,2.42915510,2059.2100
1627013406562000,0,0.00000001,2059.2100
1627013406639000,0,3.45000000,2059.5500
1627013406642000,0,0.19355770,2059.5500
1627013411316000,0,0.81483301,2060.5000
1627013412652000,0,0.10360537,2061.0900
1627013463102000,0,0.87478598,2061.6800
1627013463111000,0,1.26438906,2061.6800
1627013470168000,0,0.00000856,2061.7400
1627013492745000,0,3.53430000,2063.0900
1627013492776000,0,0.00009572,2063.0900
1627013492901000,0,0.21500000,2063.3500
1627013494778000,0,0.18500000,2063.8700
1627013499344000,0,0.21700000,2064.3900
1627013501144000,0,0.23600000,2064.9100
1627013516222000,0,0.21300000,2065.4300
1627013547627000,0,0.24700000,2065.9500
1627013547977000,0,0.24000000,2066.4700
1627013549158000,0,0.00700000,2066.4700
1627013549158000,0,0.48100000,2066.7700
1627013549221000,0,0.19700000,2066.9900
1627013549221000,0,1.48200000,2067.0000
1627013563750000,1,0.33200000,2066.0400
1627013563760000,1,0.57800000,2065.9600
1627013659333000,0,1.28300000,2067.6500
1627013660108000,0,1.11900000,2068.1700
1627013743694000,0,0.25000000,2065.3900
1627013750132000,0,0.57800000,2064.7500
1627013750132000,0,0.48200000,2064.7600
1627013750132000,0,2.42299085,2064.7700
1627013750132000,0,0.30000000,2064.9300
1627013750132000,0,7.71700915,2064.9900
1627013760619000,0,1.07700000,2065.1300
1627013768217000,0,1.33700000,2065.6500
1627013780898000,1,0.20000000,2065.2300
1627013810574000,1,0.57900000,2064.6800
1627013810574000,1,0.48100000,2064.6700
1627013841568000,1,2.57005951,2064.0000
1627013841619000,1,2.85000000,2064.0000
1627013841659000,1,1.18070147,2064.0000
1627013841670000,1,2.80000000,2064.0000
1627013841677000,1,0.91517442,2064.0000
1627013841716000,1,0.68406460,2064.0000
1627013942492000,0,2.42338413,2064.4800
1627013942492000,0,0.02000000,2064.7100
1627013942492000,0,0.97811399,2064.7900
1627013942492000,0,3.63454834,2064.9000
1627013943139000,0,1.86000000,2065.0500
1627013943150000,0,0.00900000,2065.0500
1627013943575000,0,2.04700000,2065.5700
1627013952985000,0,2.47000000,2066.0900
1627013963108000,0,0.29000000,2066.6100
1627013965526000,0,2.33500000,2066.6100
1627013981288000,0,1.26004416,2067.0700
1627013981300000,0,0.94626603,2067.0700
1627013981317000,0,0.30768981,2067.0700
1627013981328000,0,0.83709213,2067.1300
1627013981332000,0,1.36590787,2067.1300
1627013981368000,0,2.41957209,2067.4800
1627013981368000,0,8.85582791,2067.5700
1627013981549000,0,1.10487467,2067.5900
1627013981606000,0,1.27612533,2067.5900
1627013981690000,0,1.78000000,2067.6500
1627013982777000,0,2.07300000,2068.1100
1627013983121000,0,2.11000000,2068.1700
1627013984303000,0,0.00400000,2068.1700
1627013984303000,0,2.15700000,2068.6300
1627013984477000,0,0.00400000,2068.6300
1627013984477000,0,1.86500000,2068.6900
1627014086810000,1,8.05000000,2067.1000
1627014086864000,1,1.95000000,2067.1000
1627014158354000,0,0.03372000,2066.9100
1627014158461000,0,1.23100000,2067.3500
1627014158566000,0,0.18900000,2067.4100
1627014158983000,0,1.07600000,2067.8700
1627014158985000,0,0.17800000,2067.9300
1627014201384000,0,0.89600000,2068.3500
1627014202774000,0,1.13300000,2068.8700
1627014208765000,0,0.84700000,2069.3900
1627014209717000,0,1.11300000,2069.9100
1627014209748000,0,0.30000000,2070.0000
1627014223949000,0,0.30000000,2070.0700
1627014224042000,0,1.14300000,2070.4300
1627014247377000,0,0.05852386,2070.9500
1627014248622000,0,0.84747614,2070.9500
1627014248623000,0,0.48200000,2071.0900
1627014248623000,0,0.43000000,2071.1000
1627014266624000,0,0.48200000,2071.3000
1627014266624000,0,0.32600000,2071.3100
1627014291733000,0,0.48200000,2071.8200
1627014294154000,0,0.30800000,2071.8300
1627014294163000,0,0.47500000,2072.2000
1627014294168000,0,0.27200000,2072.3500
1627014298774000,0,0.39100000,2072.7200
1627014298937000,0,0.29599999,2072.8700
1627014300934000,1,2.16583485,2071.5800
1627014352836000,1,9.16810000,2069.5600
1627014352837000,1,0.00005924,2069.5600
1627014352887000,1,0.57700000,2069.4900
1627014397975000,0,0.21200000,2070.7300
1627014433079000,0,0.19700000,2071.2500
1627014476235000,1,5.65964376,2069.5100
1627014476236000,1,6.04717423,2069.5100
1627014476265000,1,0.91594938,2069.5100
1627014476286000,1,0.02000000,2069.3300
1627014495263000,0,0.10000000,2069.3200
1627014510222000,0,0.12300000,2069.4800
1627014602616000,0,0.33600000,2069.3600
1627014605293000,0,0.37600000,2069.8800
1627014613608000,0,0.09000000,2070.4000
1627014623066000,0,0.23324000,2070.4000
1627014645263000,0,0.00476000,2070.4000
1627014645263000,0,0.32134480,2070.9200
1627014645276000,0,0.00665520,2070.9200
1627014682510000,0,1.25708847,2071.4500
1627014694960000,0,0.96284607,2072.1900
1627014694960000,0,0.75812148,2072.2300
1627014694962000,0,0.93225655,2072.2300
1627014694968000,0,0.83385170,2072.2300
1627014694993000,0,0.47577027,2072.2300
1627014704270000,0,0.57800000,2073.5300
1627014704270000,0,0.42200000,2073.5400
1627014705271000,1,0.57800000,2071.5200
1627014787277000,0,2.78961103,2074.5500
1627014799296000,0,0.21038897,2074.5500
1627014831939000,0,1.23294191,2075.6300
1627014831939000,0,1.17719266,2075.6300
1627014831976000,0,0.57600000,2075.7100
1627014831976000,0,3.61520185,2075.9200
1627014832032000,1,2.41013457,2075.7200
1627014836364000,0,0.02000000,2076.5000
1627014836364000,0,10.00000000,2076.5100
1627014836364000,0,8.59947542,2076.6100
1627014836364000,0,10.00000000,2076.6200
1627014836364000,0,9.08162395,2076.7200
1627014836364000,0,0.30000000,2076.7300
1627014836364000,0,2.08460000,2076.8200
1627014836364000,0,9.36046815,2076.8800
1627014836364000,0,8.56565035,2076.9400
1627014836364000,0,1.56798955,2077.1400
1627014836364000,0,0.97065690,2077.1500
1627014836364000,0,0.47800000,2077.1600
1627014836364000,0,1.35000000,2077.3300
1627014836364000,0,7.50000000,2077.3400
1627014836364000,0,0.56699314,2077.3900
1627014836364000,0,0.03031302,2077.4000
1627014836364000,0,30.76960000,2077.5900
1627014836364000,0,0.05100000,2077.7100
1627014836364000,0,0.02981000,2077.8300
1627014836364000,0,0.90907606,2078.0200
1627014836364000,0,0.56664370,2078.3900
1627014836364000,0,0.97259258,2078.4500
1627014836364000,0,4.81725619,2078.6000
1627014836364000,0,0.02964614,2078.7600
1627014836364000,0,0.05411126,2079.1100
1627014836364000,0,70.93560000,2079.1300
1627014836364000,0,3.68284610,2079.1900
1627014836364000,0,28.92439008,2079.6500
1627014836364000,0,7.22547496,2079.6600
1627014836364000,0,0.03433723,2079.6900
1627014836364000,0,15.00000000,2079.7700
1627014836364000,0,11.00000000,2079.7900
1627014836364000,0,10.00000000,2080.0000
1627014836364000,0,0.03000000,2080.0000
1627014836364000,0,0.90000000,2080.0000
1627014836364000,0,4.22000000,2080.0100
1627014836364000,0,9.63318188,2081.3600
1627014836364000,0,13.97000000,2081.4600
1627014836364000,0,0.76834990,2081.5500
1627014836364000,0,24.13585194,2081.5600
1627014836364000,0,2.52000000,2083.9900
1627014836364000,0,1.36000000,2084.0000
1627014836364000,0,56.29257498,2084.4400
1627014836364000,0,9.88898642,2084.4500
1627014836855000,0,0.02000000,2077.3400
1627014836855000,0,10.00000000,2077.8400
1627014836855000,0,0.30000000,2077.9300
1627014836855000,0,0.02000000,2077.9400
1627014836855000,0,0.95508050,2077.9400
1627014836855000,0,1.97794722,2077.9500
1627014836887000,0,11.83221599,2077.8500
1627014836933000,0,0.30000000,2077.5100
1627014836933000,0,5.52205278,2077.9500
1627014836933000,0,2.08460000,2078.3700
1627014836933000,0,1.35000000,2079.0600
1627014836933000,0,0.95864172,2079.0700
1627014836933000,0,6.29801523,2080.8100
1627014836983000,0,4.22000000,2079.0600
1627014836983000,0,4.70198477,2080.8100
1627014836983000,0,0.96682692,2081.8500
1627014836983000,0,0.89551000,2083.4900
1627014836983000,0,0.05411126,2084.4400
1627014836983000,0,0.56699314,2084.4400
1627014836983000,0,0.56664370,2084.4400
1627014836983000,0,3.68284610,2084.4400
1627014836983000,0,22.86398924,2084.4400
1627014837024000,0,1.35000000,2077.3400
1627014837024000,0,0.89551000,2080.4700
1627014837024000,0,0.62596388,2080.7100
1627014837866000,1,1.10000000,2076.4100
1627014839003000,1,9.51397884,2075.9200
1627014839844000,1,0.23000000,2075.9200
1627014840883000,1,2.11916152,2075.9800
1627014840883000,1,0.88385425,2075.9800
1627014840910000,1,1.06199542,2075.9800
1627014840924000,1,0.89755742,2075.9800
1627014852459000,0,0.30000000,2077.0400
1627014870746000,1,0.89304000,2075.8200
1627014872940000,1,2.73638767,2075.5700
1627014876084000,1,0.99999999,2075.0000
1627014881323000,0,2.41042387,2075.6100
1627014881323000,0,0.30000000,2075.6300
1627014881350000,0,3.61563579,2075.8900
1627014881355000,0,0.56715391,2076.1000
1627014881355000,0,0.02000000,2076.1100
1627014881556000,1,0.07500000,2076.2800
1627014881569000,0,0.49213204,2076.2000
1627014881706000,0,1.41788479,2077.1000
1627014881706000,0,0.66824838,2077.1000
1627014881714000,1,0.56713204,2077.0200
1627014881812000,0,3.01791295,2077.1000
1627014894991000,0,0.56632954,2079.0500
1627014894991000,0,0.96418572,2079.0600
1627014895046000,0,2.00650000,2079.4100
1627014895055000,0,1.41570000,2079.5300
1627014895551000,0,0.56631000,2079.5200
1627014895561000,0,0.00000864,2079.5200
1627014895654000,1,0.07311600,2079.6900
1627014897287000,1,0.00187536,2079.6900
1627014897287000,1,0.90907605,2079.1900
1627014897287000,1,5.47104859,2079.1700
1627014897702000,1,0.52000000,2078.9300
1627014899115000,0,0.09060540,2080.4300
1627014911342000,0,0.30000000,2080.9500
1627014911342000,0,2.00650000,2080.9600
1627014911651000,0,0.30000000,2081.7100
1627014911763000,0,0.17681700,2082.0400
1627014911763000,0,0.94696059,2082.1600
1627014911803000,0,0.97407154,2082.4700
1627014911814000,0,2.00650000,2082.4900
1627014912083000,1,9.82318300,2082.5600
1627014913445000,0,0.03000000,2085.0000
1627014913567000,0,0.90907605,2084.8400
1627014915056000,0,0.02945000,2084.7800
1627014915056000,0,10.00000000,2085.6800
1627014916735000,1,1.00000000,2084.0700
1627014920960000,0,7.50000000,2082.7400
1627014933339000,1,2.31084175,2080.3600
1627014933346000,1,1.13884106,2080.3600
1627014935071000,1,1.50866872,2079.4000
1627014935849000,0,0.30000000,2081.2900
1627014937272000,0,0.30000000,2082.1000
1627014937272000,0,1.00000000,2082.1100
1627014959414000,0,2.40402826,2081.2700
1627014969424000,1,0.80590348,2078.2500
1627014969920000,1,0.50926159,2078.1100
1627014971097000,0,0.07500000,2077.4800
1627014971190000,0,0.30000000,2077.7300
1627014984589000,0,0.06760000,2077.4800
1627014988058000,1,6.62375584,2076.2400
1627015005891000,0,2.41014396,2075.5300
1627015007146000,0,0.00000001,2075.5300
1627015007146000,0,3.61455069,2076.1600
1627015007291000,0,0.81455000,2075.9800
1627015018874000,0,2.41060000,2075.1100
1627015018876000,0,0.00006674,2075.1100
1627015023038000,0,2.41066000,2075.1100
1627015023193000,0,0.00000674,2075.1100
1627015023193000,0,3.61629326,2075.2700
1627015023199000,0,0.00002078,2075.2700
1627015026937000,0,2.41026215,2075.5900
1627015026937000,0,0.30000000,2075.8100
1627015026937000,0,0.28973785,2075.9100
1627015027395000,0,2.41020000,2075.5900
1627015027395000,0,0.00006215,2075.5900
1627015029461000,0,2.41020000,2075.5900
1627015029471000,0,0.00006215,2075.5900
1627015030841000,0,3.32560000,2075.9100
1627015030936000,0,2.41026215,2075.5900
1627015030936000,0,0.00005538,2075.9100
1627015040106000,0,2.41050000,2075.5100
1627015040129000,0,0.00009498,2075.5100
1627015040230000,0,3.61589000,2075.6800
1627015043918000,0,0.00000247,2075.6800
1627015043918000,0,2.40979753,2075.8800
1627015043918000,0,0.00004351,2075.8800
1627015044551000,0,0.03404000,2076.0100
1627015079392000,0,2.41040000,2075.4800
1627015079479000,0,0.00000633,2075.4800
1627015107584000,1,0.12755000,2075.0000
1627015107619000,1,0.00000903,2075.0000
1627015115529000,0,2.41050000,2075.3500
1627015138158000,0,2.41108440,2074.8400
1627015138185000,0,3.61648091,2075.0700
1627015138333000,0,0.00005809,2075.3500
1627015138333000,0,3.70960249,2075.7200
1627015138498000,0,0.94972039,2076.1900
1627015158679000,0,2.40971889,2076.2000
1627015161125000,0,0.48188995,2077.3000
1627015213638000,1,1.50962112,2072.7400
1627015213647000,1,0.93849958,2072.7400
1627015213656000,1,0.86083065,2072.7400
1627015213685000,1,2.57884595,2072.7400
1627015251562000,0,1.26231756,2072.3100
1627015255050000,0,1.07330000,2072.3100
1627015255053000,0,0.07825515,2072.3100
1627015255079000,0,3.62080906,2072.4200
1627015284274000,1,0.10799999,2071.5200
1627015288791000,1,0.00000001,2071.5200
1627015289222000,1,0.13000000,2071.2000
1627015289506000,1,0.13400000,2070.8800
1627015304726000,0,2.28298180,2071.9400
1627015304738000,0,0.13131615,2071.9400
1627015316813000,0,0.09000000,2071.8700
1627015317928000,0,0.78951341,2072.1700
1627015318003000,0,1.62442898,2072.1700
1627015373347000,0,0.57700000,2072.5500
1627015373347000,0,0.42300000,2072.5500
1627015465341000,0,0.02000000,2075.0900
1627015470983000,1,0.48567757,2074.1200
1627015521371000,1,0.98067299,2070.9000
1627015535143000,0,0.01206000,2073.6100
1627015538677000,1,1.41524799,2071.8900
1627015566872000,1,0.14308000,2070.6200
1627015566889000,1,0.00292000,2070.6200
1627015595767000,1,0.15000000,2070.1800
1627015595779000,1,0.00800000,2070.1800
1627015596092000,1,0.16500000,2069.8600
1627015608385000,1,0.13100000,2069.5400
1627015612283000,1,0.15800000,2069.2200
1627015618471000,0,2.41703630,2069.8700
1627015618471000,0,0.97636622,2069.9200
1627015618493000,0,3.62580451,2070.0400
1627015618553000,0,0.57800000,2069.9400
1627015618553000,0,0.38877262,2069.9600
1627015618555000,0,0.09122738,2069.9600
1627015630474000,0,0.57900000,2069.7600
1627015679497000,0,0.48200000,2068.9900
1627015679497000,0,2.41811285,2069.0000
1627015695165000,0,0.02493000,2070.0200
1627015739441000,0,0.48000000,2071.5000
1627015739441000,0,2.11720713,2071.5100
1627015739447000,0,0.29772577,2071.5100
1627015739513000,0,0.57800000,2071.6000
1627015777845000,1,0.15500000,2071.5200
1627015777845000,1,0.20000000,2071.2000
1627015829678000,1,0.02000000,2072.4000
1627015839138000,1,0.28000000,2072.7500
1627015839876000,1,0.59000000,2072.7500
1627015843184000,1,0.09000000,2072.4000
1627015846278000,1,0.00600000,2072.4000
1627015856038000,1,0.11000000,2072.0800
1627015856527000,1,0.10900000,2071.7600
1627015867974000,1,0.55000000,2072.3500
1627015868894000,1,1.93000000,2072.3700
1627015869729000,0,0.00610000,2072.4000
1627015869729000,0,1.18894049,2072.4000
1627015869730000,0,1.10092121,2072.4000
1627015869867000,1,0.22000000,2072.3600
1627015872836000,0,0.12313830,2072.4000
1627015872836000,0,0.01210000,2072.4000
1627015872836000,0,1.18800000,2072.4000
1627015873441000,1,0.09000000,2072.3900
1627015874106000,1,0.05000000,2072.3900
1627015874512000,1,6.65000000,2072.3900
1627015894646000,1,0.39800000,2071.8100
1627015894768000,1,0.51400000,2071.4900
1627015894839000,1,0.44700000,2071.1700
1627015895214000,1,0.22362881,2070.8500
1627015895220000,1,0.05416699,2070.8500
1627015895223000,1,0.26020420,2070.8500
1627015895327000,1,0.08903999,2070.5300
1627015895409000,1,0.43896001,2070.5300
1627015896342000,1,0.55700000,2070.2100
1627015901699000,0,0.13690125,2071.4200
1627015930444000,1,0.11200000,2070.3600
1627015931919000,0,0.30000000,2071.1600
1627015931919000,0,0.96969813,2071.1600
1627015931919000,0,8.73030187,2071.1600
1627015963878000,0,0.48100000,2070.9700
1627015963878000,0,0.95365479,2070.9800
1627015963885000,0,3.62350186,2071.0200
1627015963931000,0,2.41541170,2071.0400
1627015992233000,0,2.41476000,2072.1000
1627016019552000,1,0.21000000,2073.5500
1627016028052000,1,10.00000000,2073.4900
1627016028052000,1,5.19800000,2073.4000
1627016028052000,1,9.02867752,2073.3800
1627016028052000,1,10.00000000,2073.3700
1627016028052000,1,0.79500000,2073.3400
1627016028052000,1,0.66500000,2073.3300
1627016028052000,1,9.42752113,2073.2700
1627016028052000,1,4.88580135,2073.2700
1627016036007000,0,0.77206559,2074.6300
1627016036011000,0,0.78115495,2074.6300
1627016045432000,0,2.41042000,2075.5400
1627016055868000,1,0.13537720,2076.5300
1627016055912000,1,22.35713787,2076.5300
1627016056036000,1,1.40277200,2076.5300
1627016091677000,1,1.43249702,2075.5200
1627016103086000,0,2.40857000,2077.2300
1627016103152000,0,3.61306000,2077.4100
1627016138832000,0,0.01500000,2076.0000
1627016145764000,1,0.10163971,2074.1600
1627016149397000,1,2.40000000,2073.9500
1627016182311000,0,0.01204900,2074.3900
1627016202614000,1,1.00000000,2074.8400
1627016202614000,1,10.00000000,2074.8300
1627016202614000,1,0.77200000,2074.7400
1627016202614000,1,3.00000000,2074.7300
1627016202614000,1,1.19431263,2074.7200
1627016213951000,1,18.09034413,2074.7400
1627016227645000,1,0.01205800,2074.7400
1627016227645000,1,0.01205800,2074.7200
1627016227645000,1,0.01205800,2074.7200
1627016227645000,1,0.01205800,2074.7200
1627016228626000,1,0.01181684,2074.7400
1627016262732000,0,0.03242000,2077.6400
1627016264941000,0,0.85000000,2078.8800
1627016275683000,1,0.58699517,2077.3400
1627016294065000,1,10.00000000,2078.8000
1627016308664000,1,1.35000000,2076.7800
1627016351493000,1,0.00024116,2074.7400
1627016351493000,1,0.01205800,2074.7400
1627016351493000,1,0.01205800,2074.7400
1627016351493000,1,0.01205800,2074.7400
1627016351493000,1,0.10658484,2074.6900
1627016351555000,1,1.14414513,2074.6900
1627016351562000,1,0.09927003,2074.6900
1627016351562000,1,0.49072997,2074.6500
1627016351584000,1,0.96091973,2074.6500
1627016351631000,1,2.61440808,2074.6500
1627016351645000,1,0.97298000,2074.6500
1627016351738000,1,0.51800000,2074.6500
1627016351809000,1,3.85379607,2074.6500
1627016442566000,1,0.57600000,2076.6000
1627016443727000,1,0.45000000,2076.2800
1627016444635000,1,0.00100000,2076.2800
1627016444635000,1,0.52100000,2075.9600
1627016444635000,1,0.43100000,2075.6400
1627016448387000,1,0.54000000,2075.3200
1627016462073000,1,0.15000000,2075.3400
1627016470460000,1,0.00800000,2075.3400
1627016470460000,1,0.15800000,2075.0200
1627016481403000,1,0.16399999,2074.7000
1627016481406000,1,0.00000001,2074.7000
1627016481703000,1,0.01205800,2074.3900
1627016481703000,1,0.17700000,2074.3800
1627016482256000,1,0.02070039,2074.0600
1627016482280000,1,0.16529961,2074.0600
1627016482327000,1,0.21800000,2073.7400
1627016482424000,1,0.16500000,2073.4200
1627016491782000,1,0.02000000,2074.0500
1627016491782000,1,0.02827881,2074.0400
1627016511777000,0,1.05375889,2075.8100
1627016525571000,0,0.97200000,2077.8900
1627016525643000,0,0.00063676,2077.8900
1627016540688000,0,0.94780000,2079.1200
1627016540726000,0,0.00000483,2079.1200
1627016540794000,0,0.86040570,2079.1300
1627016540800000,0,0.10050093,2079.1300
1627016551041000,1,0.14900000,2079.9600
1627016551221000,1,0.10600000,2079.6400
1627016553400000,1,0.13328000,2079.3200
1627016564893000,0,0.00000001,2081.2700
1627016565025000,0,0.56536000,2082.0100
1627016592190000,1,0.33516000,2080.3200
1627016592226000,1,0.66484000,2080.3200
1627016643505000,0,2.40616000,2078.8700
1627016643560000,0,0.00000710,2078.8700
1627016674676000,1,0.02000000,2080.3000
1627016702977000,0,1.00000000,2082.5000
1627016874094000,1,0.02392067,2080.0000
1627016897532000,0,0.02600000,2081.4000
1627016897767000,0,0.00033000,2081.4000
1627016897817000,0,4.61580000,2082.7100
1627017102048000,1,0.11300000,2083.0400
1627017127014000,0,2.39946573,2084.6500
1627017127519000,0,1.90802921,2085.0100
1627017132048000,1,0.18600000,2083.0700
1627017132254000,1,0.15800000,2082.7400
1627017138143000,0,1.50800000,2084.2200
1627017174874000,0,0.02000000,2083.8900
1627017174874000,0,2.64935563,2083.9000
1627017196530000,1,0.10000000,2084.0000
1627017230301000,0,0.94981000,2085.8900
1627017230313000,0,0.00000039,2085.8900
1627017230347000,0,0.78112583,2086.0200
1627017230348000,0,2.02081434,2086.0200
1627017230350000,0,4.69805983,2086.0200
1627017231572000,0,0.94930000,2087.4300
1627017233191000,0,0.90799000,2087.7400
1627017249073000,0,2.39614626,2088.3900
1627017249073000,0,0.30000000,2088.5000
1627017250171000,0,0.30000000,2089.1900
1627017250448000,1,0.03041326,2088.5900
1627017250448000,1,0.91848474,2088.5200
1627017276921000,1,0.14000000,2085.3700
1627017278901000,1,0.00600000,2085.3700
1627017278901000,1,0.14400000,2085.0400
1627017286440000,1,0.00600000,2085.0400
1627017295380000,1,0.13000000,2084.7100
1627017295388000,1,0.04500000,2084.7100
1627017300415000,1,0.16000000,2084.3800
1627017300459000,1,0.00300000,2084.3800
1627017300459000,1,0.17700000,2084.0500
1627017300986000,1,0.06458067,2083.7200
1627017301125000,1,0.07841933,2083.7200
1627017303050000,1,0.11500000,2084.2800
1627017303050000,1,0.11200000,2083.9500
1627017322908000,1,2.50000000,2080.8400
1627017365146000,1,0.10300000,2080.8400
1627017393946000,1,1.00000000,2078.0200
1627017521549000,1,0.70900000,2078.7300
1627017521549000,1,0.29100000,2078.7100
1627017571657000,0,1.00000000,2080.9000
1627017630573000,0,0.03538312,2079.1600
1627017657837000,1,0.48000000,2078.0100
1627017657837000,1,0.50000000,2078.0000
1627017679349000,0,0.74400000,2078.8300
1627017679369000,0,0.89312063,2078.8500
1627017679389000,0,0.83370463,2078.8500
1627017679435000,0,0.85675013,2078.8500
1627017679455000,0,0.21642461,2078.8500
1627017728424000,1,0.02000000,2080.0900
1627017728424000,1,0.57600000,2080.0800
1627017728431000,1,2.73919670,2079.7500
1627017728469000,1,0.95000000,2079.7600
1627017728469000,1,0.02714547,2079.7500
1627017728469000,1,1.36184840,2079.7500
1627017728473000,1,1.52855301,2079.7500
1627017756111000,0,0.57500000,2078.8700
1627017756111000,0,10.00000000,2078.8900
1627017756111000,0,1.00000000,2079.0700
1627017756111000,0,8.88338758,2079.0800
1627017756111000,0,4.54161242,2079.0900
1627017757472000,1,8.09000000,2077.2600
1627017757502000,1,1.28219963,2077.2600
1627017757502000,1,0.57500000,2077.2500
1627017757502000,1,0.48000000,2077.2400
1627017757502000,1,6.61280037,2077.2300
1627017852267000,0,0.03000000,2078.9300
1627017852295000,0,0.00105000,2078.9300
1627017875907000,1,0.01210000,2078.9300
1627017875907000,1,0.01210000,2078.9300
1627017881790000,0,2.40511000,2079.9000
1627017926695000,0,0.57400000,2082.1200
1627017926695000,0,0.82599999,2082.2200
1627017926696000,0,0.57400001,2082.2200
1627017926696000,0,0.30000000,2082.2300
1627017926698000,0,0.90469341,2082.3900
1627017926746000,0,0.02000000,2082.5400
1627017933595000,0,0.47900000,2082.3100
1627017933595000,0,0.16141377,2082.3100
1627017934535000,0,0.01210000,2082.3000
1627017941924000,1,0.01200000,2082.3000
1627017942386000,1,0.00010000,2082.3000
1627017948515000,1,1.40000000,2081.0000
1627017949512000,0,0.01210000,2081.8000
1627017957112000,1,0.01185800,2081.8000
1627017966488000,1,0.00024200,2081.8000
1627017966488000,1,0.01185316,2081.8000
1627017967133000,1,0.00024684,2081.8000
1627017972879000,0,0.01210000,2081.3500
1627017985199000,1,3.00000000,2081.7800
1627017997824000,1,0.01200000,2081.7800
1627017997927000,1,0.00010000,2081.7800
1627017997993000,1,0.01185800,2081.3500
1627017998017000,1,0.00024200,2081.3500
1627018007625000,1,0.01185800,2081.3500
1627018008418000,1,0.00024200,2081.3500
1627018014330000,0,0.01210000,2081.3300
1627018021772000,0,0.01210000,2081.0600
1627018025090000,0,0.99543596,2081.0700
1627018025140000,0,1.40802291,2081.0700
1627018030268000,1,0.01210000,2081.0700
1627018030268000,1,0.02000000,2080.4200
1627018030268000,1,1.00000000,2080.3200
1627018030268000,1,9.01477900,2080.3000
1627018030268000,1,8.70812446,2080.2900
1627018030268000,1,9.41456551,2080.2900
1627018030268000,1,1.35000000,2080.2700
1627018030268000,1,0.57400000,2080.2600
1627018030268000,1,2.40267177,2080.1600
1627018030268000,1,0.95397882,2080.1300
1627018030268000,1,8.91417877,2080.1200
1627018030268000,1,7.63560167,2080.1000
1627018077029000,1,0.02000000,2080.4000
1627018077029000,1,0.18000000,2080.3800
1627018131797000,1,0.47800000,2080.3900
1627018131797000,1,0.01210000,2080.3800
1627018131797000,1,0.01210000,2080.3800
1627018131797000,1,0.01210000,2080.3800
1627018131797000,1,0.01210000,2080.3800
1627018131797000,1,0.01210000,2080.3800
1627018131797000,1,0.01210000,2080.3800
1627018131797000,1,0.01210000,2080.3800
1627018131797000,1,0.57400000,2080.2300
1627018131797000,1,2.81557550,2080.2100
1627018131797000,1,1.35000000,2080.1100
1627018131797000,1,0.01210000,2080.1000
1627018131797000,1,0.01210000,2080.1000
1627018131797000,1,0.01210000,2080.1000
1627018131797000,1,0.01210000,2080.1000
1627018131797000,1,0.01210000,2080.1000
1627018131797000,1,0.01210000,2080.1000
1627018131797000,1,2.40298584,2080.0200
1627018131866000,0,7.50000000,2080.0000
1627018131887000,0,2.09920413,2080.0000
1627018131905000,0,0.94574148,2080.0000
1627018131934000,0,4.50000000,2080.0000
1627018131935000,0,27.17719305,2080.0000
1627018156326000,1,0.10976000,2081.3000
1627018157005000,0,1.54185199,2081.8600
1627018159615000,1,0.00224000,2081.3000
1627018159615000,1,0.10599999,2080.9800
1627018159615000,1,0.00000001,2080.9800
1627018161375000,1,1.35000000,2080.6800
1627018161375000,1,0.48000000,2080.6700
1627018161375000,1,0.12900000,2080.6600
1627018161842000,0,0.01210000,2081.3600
1627018180800000,0,1.07197188,2082.4800
1627018180803000,0,0.79306466,2082.4800
1627018180897000,0,1.69753611,2082.8200
1627018180933000,0,0.70436979,2082.8200
1627018180933000,0,0.90412600,2083.0200
1627018180933000,0,2.02490649,2083.1000
1627018225268000,0,0.07104036,2085.1000
1627018240779000,1,0.66200000,2083.0200
1627018241284000,1,0.55400000,2082.6900
1627018247478000,1,0.64500000,2082.3600
1627018249512000,1,1.35000000,2082.0400
1627018249512000,1,0.66200000,2082.0300
1627018257299000,1,0.72800000,2081.7100
1627018257339000,1,0.65100000,2081.7000
1627018257420000,1,0.47900000,2081.5800
1627018258042000,1,0.48600000,2081.3700
1627018258042000,1,0.01210000,2081.3600
1627018258042000,1,0.47800000,2081.2500
1627018258042000,1,0.19500000,2081.0400
1627018270942000,1,0.11100000,2081.0600
1627018271037000,1,0.30800000,2081.0600
1627018273532000,1,0.14400000,2080.7400
1627018277197000,1,0.14900000,2080.4200
1627018277197000,1,0.12300000,2080.1000
1627018277197000,1,0.01210000,2080.0000
1627018277197000,1,0.01210000,2080.0000
1627018277197000,1,0.01210000,2080.0000
1627018277197000,1,1.00000000,2080.0000
1627018392553000,0,0.02400000,2084.5900
1627018396405000,0,0.00593000,2084.5900
1627018435337000,1,0.90412000,2086.6400
1627018461967000,0,2.39722000,2086.4900
1627018487025000,0,2.39618927,2087.5000
1627018487032000,1,0.05000000,2086.3600
1627018487297000,0,0.08595755,2089.4600
1627018487375000,0,0.56358180,2089.1200
1627018487421000,0,0.63358903,2089.4600
1627018487581000,0,0.02278023,2090.0000
1627018487581000,0,0.50000000,2090.0000
1627018487581000,0,0.58213288,2090.0000
1627018487618000,0,9.41786712,2090.0000
1627018487618000,0,1.00000000,2090.0000
1627018487816000,0,0.56303166,2091.1400
1627018487816000,0,0.23519040,2091.1500
1627018487821000,0,0.88404615,2091.1500
1627018487830000,0,0.85581827,2091.1500
1627018488358000,1,0.30000000,2090.9700
1627018488358000,1,6.90000000,2090.9600
1627018488555000,1,0.30000000,2090.8900
1627018488555000,1,3.70000000,2090.2600
1627018489237000,0,0.60000000,2090.9600
1627018489295000,1,0.30000000,2090.4900
1627018489295000,1,0.64867200,2090.2600
1627018490334000,0,0.25027143,2091.1500
1627018490339000,0,0.29467375,2091.1500
