timestamp ms,type,amount,price
1627257636856000,1,8.86924238,2190.5800
1627257636902000,1,0.47075761,2190.5800
1627257636921000,1,0.00000001,2190.5800
1627257639470000,0,0.02965900,2191.4700
1627257641860000,1,0.04100000,2188.8200
1627257647760000,0,0.92693869,2188.7100
1627257647760000,0,0.02930065,2188.7200
1627257647760000,0,0.03000905,2189.2500
1627257647760000,0,0.30000000,2189.6300
1627257647760000,0,1.87115274,2189.6400
1627257666456000,0,0.91546911,2186.4200
1627257666456000,0,2.43477654,2186.4300
1627257666460000,0,3.16522346,2186.4300
1627257683254000,0,1.48461618,2189.4000
1627257683320000,1,1.51708732,2189.4100
1627257694721000,1,0.09000000,2183.9300
1627257697007000,0,0.00910097,2186.5800
1627257728433000,1,0.07307083,2180.3600
1627257728434000,1,0.15692917,2180.3600
1627257729570000,1,4.30000000,2179.0700
1627257729733000,1,0.03160000,2177.7700
1627257730241000,1,0.57171503,2177.0400
1627257730779000,1,0.14244036,2177.4800
1627257730793000,1,0.00000001,2177.4800
1627257734231000,0,1.42036504,2180.1000
1627257734247000,0,3.67038226,2180.1000
1627257734506000,0,0.90925270,2180.1000
1627257741092000,0,5.60000000,2178.9000
1627257745081000,1,9.09772941,2176.0300
1627257748920000,0,2.29968919,2176.3700
1627257748920000,0,3.45031411,2176.5300
1627257748961000,0,0.00000001,2176.5300
1627257752797000,1,3.00526200,2177.0000
1627257753421000,1,0.02959802,2176.3500
1627257753421000,1,8.99243898,2175.5700
1627257755730000,0,6.20000000,2179.6600
1627257756291000,0,5.00000000,2179.7300
1627257774948000,1,6.00000000,2181.8500
1627257781831000,1,72.20000000,2182.2200
1627257798314000,1,0.42842727,2180.1600
1627257804058000,0,2.30000000,2179.6400
1627257813256000,1,2.04214260,2176.8400
1627257819269000,1,1.13724246,2176.7000
1627257819302000,1,1.07652065,2176.7000
1627257825640000,1,7.31677767,2176.7000
1627257837053000,0,5.30000000,2179.1900
1627257838210000,0,3.97217000,2177.7000
1627257838216000,0,0.00000266,2177.7000
1627257854419000,0,2.29620111,2179.3900
1627257854419000,0,3.44469402,2179.5800
1627257857873000,0,4.13000000,2181.4200
1627257859767000,0,8.92360000,2181.4300
1627257895101000,0,3.00000000,2182.4800
1627257895573000,0,2.57560000,2180.7900
1627257910309000,0,3.23000000,2183.1200
1627257910526000,1,0.02370000,2180.8300
1627257914096000,1,0.02370000,2178.8400
1627257964999000,0,0.50000000,2183.9700
1627257966817000,0,0.77484580,2183.9700
1627257993700000,1,0.92000000,2187.6400
1627258005703000,0,9.31369114,2187.6500
1627258005703000,0,9.32028908,2187.8200
1627258018626000,0,1.75904000,2188.1100
1627258018926000,0,4.24090000,2188.1100
1627258018966000,0,0.00006000,2188.1100
1627258027026000,1,0.12581772,2187.4500
1627258027027000,1,0.00000001,2187.4500
1627258028266000,1,0.06290885,2187.4500
1627258028267000,1,0.00000001,2187.4500
1627258043407000,0,0.86000000,2190.7000
1627258055850000,0,0.53820529,2191.6500
1627258055850000,0,8.45179471,2191.6600
1627258079378000,0,2.28000000,2191.7200
1627258097436000,0,1.07078768,2194.7300
1627258097436000,0,1.40000000,2194.7400
1627258097436000,0,9.52894518,2194.7500
1627258110006000,1,1.40000000,2191.8800
1627258111806000,0,3.00000000,2193.5100
1627258120801000,0,2.22130000,2192.6700
1627258120837000,0,0.00006635,2192.6700
1627258127408000,1,0.22596891,2192.7400
1627258129968000,1,10.00000000,2193.7600
1627258132152000,0,2.50000000,2193.5700
1627258139366000,1,0.01185000,2192.9500
1627258145649000,0,0.85902488,2194.0700
1627258147718000,1,5.42122000,2194.8500
1627258147720000,1,0.00000171,2194.8500
1627258174959000,1,0.12583000,2190.2300
1627258174982000,1,0.00000609,2190.2300
1627258201915000,1,13.45767000,2192.1000
1627258215027000,1,1.21541088,2190.9800
1627258221668000,0,0.99999999,2192.1000
1627258221668000,0,0.00000001,2192.1000
1627258243659000,0,0.91508452,2193.2400
1627258243659000,0,0.20000000,2193.2400
1627258243659000,0,2.28173826,2193.2500
1627258243659000,0,7.55491548,2193.4700
1627258261716000,0,2.28257845,2192.4000
1627258261716000,0,0.90999055,2192.7700
1627258261765000,1,0.60743000,2192.7900
1627258261779000,1,0.00000100,2192.7900
1627258278216000,0,0.11404000,2192.9200
1627258278279000,0,0.00000660,2192.9200
1627258278498000,0,0.91417212,2193.4600
1627258285994000,0,0.91929283,2194.1400
1627258285994000,0,0.90880487,2194.1400
1627258285994000,0,0.45500000,2194.2800
1627258285994000,0,0.54400000,2194.5600
1627258285994000,0,2.28041938,2194.5800
1627258286065000,1,0.00090230,2194.5800
1627258319434000,1,0.75000000,2193.7100
1627258319434000,1,0.50000000,2193.7100
1627258319434000,1,0.03005039,2193.1400
1627258319436000,1,0.02000000,2192.8700
1627258319467000,1,0.50000000,2193.7000
1627258319476000,1,0.75000000,2193.7000
1627258319476000,1,0.02986816,2192.5500
1627258319476000,1,2.27950897,2192.4500
1627258319476000,1,11.00000000,2192.4000
1627258319476000,1,0.85807667,2192.1600
1627258319476000,1,0.02964234,2192.1000
1627258319476000,1,0.16845023,2191.9300
1627258319809000,1,0.07500000,2193.3300
1627258320907000,0,0.02993828,2193.8900
1627258320915000,0,0.00000001,2193.8900
1627258322772000,0,2.55787689,2194.7800
1627258322830000,0,2.04200000,2194.7800
1627258323170000,1,9.00000000,2193.2000
1627258323900000,0,0.05042801,2195.5600
1627258323972000,0,0.90407315,2195.8400
1627258326254000,0,0.01747385,2196.6400
1627258326280000,0,0.00000001,2196.6400
1627258327232000,1,4.64771773,2197.2500
1627258329033000,0,0.02000000,2195.9500
1627258329644000,1,0.20000000,2194.8700
1627258330808000,1,0.85807667,2193.9100
1627258330808000,1,15.32450861,2193.7800
1627258330825000,0,0.35800000,2194.3800
1627258337830000,0,0.02953098,2193.6700
1627258337830000,0,0.85807667,2193.7900
1627258337832000,0,0.00000001,2193.7900
1627258337834000,0,0.50000000,2194.2000
1627258337880000,0,0.75000000,2194.1900
1627258339429000,1,0.32052458,2192.9300
1627258339430000,1,0.42947542,2192.9300
1627258339430000,1,0.45000000,2192.9300
1627258343761000,0,0.89846170,2194.6400
1627258343761000,0,0.03034819,2194.9000
1627258343761000,0,0.00153830,2194.9000
1627258354317000,0,0.04856391,2197.2400
1627258354317000,0,0.85143880,2197.3300
1627258355552000,0,0.04856391,2197.3300
1627258355553000,0,0.00000001,2197.3300
1627258357573000,0,0.89854597,2197.9700
1627258357629000,1,0.03000000,2197.9700
1627258359507000,0,0.75000000,2198.2800
1627258359507000,0,0.50000000,2198.2800
1627258359507000,0,0.91630019,2198.2900
1627258364817000,1,0.03102864,2196.6800
1627258381413000,0,0.45000000,2198.2500
1627258381413000,0,0.54300000,2198.2600
1627258381413000,0,0.45400000,2198.2600
1627258381413000,0,9.09606668,2198.2600
1627258387925000,0,1.62089493,2198.2500
1627258387982000,0,0.54300000,2198.2500
1627258388069000,0,0.92326023,2198.7300
1627258389782000,0,0.04755843,2199.0900
1627258389782000,0,0.00000001,2199.0900
1627258392576000,0,7.84482412,2200.0000
1627258392576000,0,0.10000000,2200.0000
1627258392576000,0,1.50549783,2200.0000
1627258392576000,0,2.00000000,2200.0000
1627258392576000,0,4.54655136,2200.0000
1627258392576000,0,0.21247812,2200.0000
1627258392585000,0,1.49458914,2200.0000
1627258392585000,0,0.47500000,2200.0000
1627258392585000,0,2.00000000,2200.0000
1627258392585000,0,0.50000000,2200.0000
1627258392585000,0,0.91827365,2200.0000
1627258392585000,0,0.32022719,2200.0000
1627258392585000,0,0.03600000,2200.0000
1627258392585000,0,0.20000000,2200.0000
1627258392585000,0,0.03189256,2200.0000
1627258392585000,0,2.80000000,2200.0000
1627258392585000,0,0.90000000,2200.0000
1627258392585000,0,2.00000000,2200.0000
1627258392585000,0,2.31375036,2200.0000
1627258392585000,0,0.01500000,2200.0000
1627258392585000,0,2.20461809,2200.0000
1627258392585000,0,16.20935099,2200.0000
1627258392586000,0,3.01207561,2200.0000
1627258392586000,0,13.19727582,2200.0000
1627258392586000,0,3.80272418,2200.0000
1627258392593000,0,0.02284528,2200.4200
1627258392603000,0,1.05676000,2200.5100
1627258392669000,0,2.00000000,2201.0000
1627258392669000,0,0.91817618,2201.1700
1627258392873000,0,0.09079842,2201.7900
1627258393057000,0,6.20920000,2201.7900
1627258393126000,0,0.00000158,2201.7900
1627258393131000,0,0.03300000,2202.4600
1627258393202000,0,1.82620000,2202.6800
1627258393321000,0,0.00004903,2202.6800
1627258393321000,0,0.37200000,2203.2100
1627258393321000,0,0.53349484,2203.4100
1627258394163000,0,0.02927887,2204.0700
1627258394163000,0,0.25072113,2204.3400
1627258394234000,0,0.40000000,2204.3400
1627258394234000,0,1.60000000,2204.3500
1627258394234000,0,0.40000000,2204.3500
1627258395430000,0,0.45300000,2204.3300
1627258395460000,0,0.46312752,2204.3600
1627258395642000,1,10.00000000,2202.9900
1627258395642000,1,0.03084919,2202.8800
1627258395642000,1,0.30000000,2202.5800
1627258395642000,1,0.75000000,2202.1600
1627258395642000,1,0.76444358,2202.1500
1627258395649000,1,1.66933265,2202.1500
1627258396492000,1,0.50000000,2203.3700
1627258396492000,1,0.75000000,2203.3700
1627258396492000,1,3.59598108,2203.3600
1627258396506000,1,0.03062171,2203.3600
1627258396583000,1,0.50000000,2203.3600
1627258396583000,1,0.75000000,2203.3600
1627258397296000,0,1.40000000,2205.1700
1627258397451000,0,0.85249000,2205.2900
1627258397462000,0,0.89503469,2205.3200
1627258397462000,0,0.01529506,2205.3400
1627258397645000,0,0.89503000,2205.2800
1627258398281000,1,10.49000000,2205.2000
1627258398688000,0,0.90640000,2205.2700
1627258399600000,0,0.00006496,2205.2700
1627258399600000,0,0.58374756,2206.1400
1627258399618000,0,0.20001312,2206.1400
1627258399630000,0,0.13558260,2206.1400
1627258399731000,0,0.05318101,2206.8400
1627258399731000,0,0.90864586,2206.9200
1627258399731000,0,0.12989413,2207.3800
1627258399731000,0,0.89296235,2207.5600
1627258399742000,0,0.00000001,2207.5600
1627258399875000,0,0.12989413,2207.8700
1627258399875000,0,0.77476286,2207.8800
1627258399876000,0,0.12989414,2207.8800
1627258399940000,0,0.14399090,2207.5000
1627258400654000,0,0.17000000,2208.2500
1627258400908000,1,0.03098296,2207.1800
1627258400908000,1,0.02909568,2207.1700
1627258400908000,1,0.30000000,2206.0900
1627258400908000,1,0.77514976,2206.0800
1627258401243000,0,0.01000000,2209.7400
1627258401309000,0,0.90350112,2209.7400
1627258401309000,0,0.43000000,2209.7500
1627258401309000,0,1.66649888,2211.0000
1627258401311000,0,1.18000000,2211.0000
1627258401324000,0,0.16039201,2209.7400
1627258401524000,0,0.15350112,2211.0000
1627258401553000,0,0.02050919,2211.0600
1627258401616000,0,0.05088732,2210.9900
1627258401665000,1,0.05283906,2211.1800
1627258401762000,0,0.50000000,2213.4900
1627258401762000,0,0.75000000,2213.4900
1627258401762000,0,3.77676377,2213.7200
1627258402181000,0,0.01000000,2213.4900
1627258402819000,0,0.91321000,2213.7100
1627258403211000,0,0.03060517,2214.9100
1627258403211000,0,0.02588174,2214.9200
1627258403211000,0,11.53271309,2215.0000
1627258403227000,0,0.05648691,2215.0000
1627258403236000,1,0.85807667,2214.9000
1627258403236000,1,1.14192333,2213.7800
1627258403689000,1,0.65000000,2214.8900
1627258403744000,0,0.85807000,2214.9000
1627258404800000,0,4.79100000,2216.8300
1627258404801000,0,0.00008633,2216.8300
1627258404880000,1,0.49111730,2216.0600
1627258405166000,1,1.23000000,2214.7800
1627258405551000,1,0.62120521,2216.1800
1627258405594000,0,0.01000000,2217.4700
1627258405594000,0,0.01000000,2217.5700
1627258405901000,1,0.04059479,2216.1800
1627258405901000,1,0.30000000,2215.3800
1627258405901000,1,0.03091385,2215.2700
1627258405901000,1,8.77000000,2214.7800
1627258405901000,1,0.85849136,2214.2300
1627258405929000,0,0.89639754,2217.5700
1627258405937000,0,0.01000000,2219.2000
1627258406096000,1,0.57366145,2214.2400
1627258406357000,0,1.16104626,2219.2000
1627258406357000,0,0.75000000,2219.2000
1627258406357000,0,0.89758913,2219.2100
1627258406357000,0,0.01831365,2219.2400
1627258406357000,0,0.02820945,2219.6500
1627258406357000,0,1.00000000,2220.0000
1627258406357000,0,0.10000000,2220.0000
1627258406357000,0,0.06199313,2220.0000
1627258406357000,0,1.00000000,2220.0000
1627258406357000,0,0.20000000,2220.0000
1627258406357000,0,0.31079322,2220.0000
1627258406372000,0,0.68920678,2220.0000
1627258406584000,0,3.58254279,2219.0800
1627258407492000,1,0.01000000,2218.0900
1627258407591000,0,0.89168070,2219.1800
1627258407591000,0,15.25261349,2219.1900
1627258407600000,0,0.44738651,2219.1900
1627258407600000,0,0.19478400,2219.1900
1627258407600000,0,0.90076700,2220.3300
1627258407600000,0,0.07500000,2220.3400
1627258407604000,1,0.01000000,2218.2500
1627258407770000,0,3.03187198,2220.3200
1627258407771000,0,2.15844543,2220.3200
1627258407773000,0,0.29906912,2220.3200
1627258407773000,0,0.01000000,2221.2400
1627258407951000,1,5.59000000,2219.3200
1627258408000000,1,0.00695298,2219.3200
1627258408000000,1,0.00304702,2218.3600
1627258408131000,0,0.01000000,2221.8700
1627258408370000,1,2.17436061,2219.1900
1627258408373000,1,6.08598108,2219.1900
1627258408388000,1,5.90478000,2219.1900
1627258408617000,1,1.72965831,2219.1900
1627258408729000,1,0.01000000,2220.7600
1627258408835000,1,0.03100861,2217.6400
1627258408835000,1,0.02974605,2217.6100
1627258408835000,1,0.02000000,2216.5400
1627258408835000,1,0.14466453,2215.2500
1627258409543000,1,0.02000000,2219.3200
1627258409671000,1,0.08955000,2215.3700
1627258410433000,0,0.01000000,2218.0300
1627258410520000,1,0.05000000,2216.7200
1627258410966000,1,3.92171408,2214.5300
1627258410967000,1,2.57426700,2214.5300
1627258412365000,0,0.86724806,2215.2700
1627258412512000,0,0.06375194,2215.2700
1627258413062000,1,0.04000000,2213.5900
1627258415225000,1,0.11000000,2211.8500
1627258416112000,1,9.99999999,2210.3600
1627258418510000,0,0.50000000,2212.5900
1627258418510000,0,0.60000000,2212.5900
1627258418510000,0,10.00000000,2212.6000
1627258418510000,0,0.53392570,2212.7100
1627258418724000,0,0.22229837,2212.9700
1627258418857000,0,0.31148240,2212.9700
1627258418857000,0,1.33479070,2212.9700
1627258421270000,0,0.02988971,2212.9200
1627258421371000,1,2.20000000,2213.1500
1627258421418000,1,8.26799000,2213.1500
1627258421453000,1,0.65237765,2213.1500
1627258421453000,1,16.13322116,2213.1500
1627258421453000,1,16.13322116,2213.1500
1627258421468000,1,1.47330032,2213.1500
1627258421524000,1,1.40000000,2213.1500
1627258421525000,1,1.47330031,2213.1500
1627258421543000,1,7.12669969,2213.1500
1627258422388000,1,0.33618923,2211.2700
1627258422389000,1,0.16381077,2211.2700
1627258422389000,1,0.75000000,2211.2700
1627258422389000,1,0.30000000,2211.2700
1627258422389000,1,6.03733508,2211.2600
1627258422390000,1,3.96266492,2211.2600
1627258427009000,1,2.00000000,2210.0000
1627258430219000,0,0.85807668,2211.9900
1627258431268000,1,2.77000000,2210.3400
1627258439184000,1,0.03058252,2214.3700
1627258439184000,1,0.79151827,2214.2100
1627258440397000,0,0.50000000,2216.3200
1627258440397000,0,0.75000000,2216.3200
1627258440397000,0,10.00000000,2216.3300
1627258440397000,0,0.02973890,2216.4400
1627258440397000,0,10.00000000,2217.5400
1627258440448000,0,0.50000000,2216.3200
1627258440448000,0,0.75000000,2216.3200
1627258443371000,1,0.75000000,2215.6800
1627258443371000,1,9.27990842,2215.6700
1627258443372000,1,0.72009158,2215.6700
1627258450811000,1,10.88800000,2217.7000
1627258450813000,1,0.00007668,2217.7000
1627258454120000,0,0.03117235,2217.8400
1627258454123000,0,0.00000001,2217.8400
1627258454126000,0,0.85807668,2218.0200
1627258454126000,0,10.00000000,2218.2700
1627258456075000,1,0.02988677,2215.7900
1627258456075000,1,0.75000000,2215.7900
1627258456075000,1,0.50000000,2215.7900
1627258456163000,1,0.85807667,2215.0200
1627258457485000,1,0.70000000,2213.8300
1627258457485000,1,0.50000000,2213.8300
1627258457485000,1,1.20000000,2213.8200
1627258459009000,0,0.50000000,2215.9700
1627258459009000,0,0.75000000,2215.9700
1627258459009000,0,0.02882024,2216.0900
1627258466725000,1,13.25000000,2213.8200
1627258466797000,1,2.02670000,2213.8200
1627258467602000,1,2.10000000,2213.8200
1627258467647000,1,1.72774000,2213.8200
1627258469498000,1,0.00000813,2213.8200
1627258479339000,0,0.85807668,2212.3400
1627258479342000,0,0.02967145,2212.8700
1627258479343000,0,2.26238331,2213.2200
1627258479344000,0,0.03096479,2213.4000
1627258479352000,0,0.70000000,2213.2100
1627258479494000,0,3.39294290,2214.3700
1627258480573000,0,0.85800000,2216.8600
1627258484081000,0,0.11300000,2217.8600
1627258484736000,1,11.72226000,2218.1800
1627258484738000,1,0.27365141,2218.1800
1627258493687000,1,0.02915281,2220.0500
1627258493688000,1,0.00000001,2220.0500
1627258498151000,0,0.86700000,2221.6400
1627258499271000,0,1.00000000,2222.0000
1627258499271000,0,0.17300000,2222.0000
1627258499285000,0,0.05000000,2222.0000
1627258499383000,0,3.86117876,2222.0000
1627258499383000,0,1.48619892,2222.0000
1627258499423000,0,10.17737313,2222.0000
1627258500243000,0,0.50000000,2222.0000
1627258500627000,0,16.10778071,2222.0000
1627258500627000,0,7.64446848,2222.0000
1627258500627000,0,0.01500000,2222.0000
1627258500627000,0,0.50000000,2222.0000
1627258500627000,0,7.94831223,2222.0000
1627258500627000,0,5.24231193,2222.0000
1627258501396000,0,0.02000000,2224.0000
1627258501531000,0,0.51200000,2221.9100
1627258501535000,0,1.80275895,2221.9100
1627258502194000,0,0.97999999,2224.0000
1627258502247000,0,0.00000001,2224.0000
1627258502522000,0,0.10219640,2222.9100
1627258502541000,0,0.00000001,2222.9100
1627258502850000,0,0.25000000,2224.9900
1627258502850000,0,5.59800000,2225.0000
1627258502850000,0,1.00000000,2225.0000
1627258502850000,0,0.50000000,2225.0000
1627258502850000,0,0.25000000,2225.0000
1627258503760000,1,0.75000000,2226.3000
1627258503760000,1,0.08662400,2226.3000
1627258503983000,0,0.02036745,2226.4500
1627258503983000,0,0.00895255,2227.7600
1627258504192000,1,0.30000000,2226.3100
1627258504192000,1,0.70000000,2226.3000
1627258504192000,1,0.50000000,2226.3000
1627258504192000,1,2.04002000,2226.2900
1627258504212000,0,0.01400000,2228.0000
1627258504212000,0,0.89927718,2228.4600
1627258504379000,0,0.85807667,2227.2300
1627258504397000,0,0.23055726,2227.2300
1627258504425000,0,0.02880967,2228.3000
1627258504704000,0,0.02982000,2228.3200
1627258504779000,0,1.33131932,2228.3200
1627258505178000,1,0.07500000,2228.3200
1627258505219000,0,0.30000000,2227.2300
1627258505274000,0,0.17822498,2227.2300
1627258505528000,0,0.30000000,2229.0000
1627258505532000,0,11.99990000,2230.0000
1627258505616000,0,3.00010000,2230.0000
1627258505616000,0,2.00000000,2230.0000
1627258505654000,1,0.07500000,2228.4200
1627258506343000,1,0.35000000,2229.8000
1627258506343000,1,1.65000000,2229.7900
1627258506788000,1,0.02984450,2230.7700
1627258506890000,1,0.03094162,2230.0600
1627258507011000,1,6.35000000,2230.0000
1627258507069000,1,2.24069000,2230.0000
1627258507322000,1,2.25000000,2230.0000
1627258507378000,1,3.41931000,2230.0000
1627258507882000,0,0.02136070,2230.5500
1627258507882000,0,4.53220661,2231.7000
1627258508372000,0,3.78330000,2229.9900
1627258508387000,0,0.00009692,2229.9900
1627258518823000,0,0.02128433,2228.0100
1627258530521000,0,0.02942062,2224.7500
1627258530521000,0,0.03046016,2225.3000
1627258530521000,0,0.85807668,2225.5800
1627258530521000,0,0.03005136,2225.7500
1627258530521000,0,0.05199118,2226.0800
1627258535193000,1,0.02909923,2222.6200
1627258538777000,1,0.16919606,2221.9900
1627258544382000,0,0.53050930,2224.4000
1627258544392000,0,0.00000001,2224.4000
1627258548826000,1,0.24378185,2224.9400
1627258552643000,0,0.50000000,2225.7600
1627258552643000,0,0.75000000,2225.7600
1627258552643000,0,10.00000000,2225.7700
1627258552643000,0,0.74000000,2225.9700
1627258552858000,1,0.05623861,2223.4500
1627258555151000,0,0.16015015,2223.9400
1627258557544000,0,2.24973858,2224.9900
1627258557565000,0,0.00000001,2224.9900
1627258557755000,1,0.12059479,2223.7100
1627258561885000,0,1.61093688,2226.9100
1627258572118000,1,0.01100000,2225.6600
1627258575091000,0,0.50000000,2227.4400
1627258584567000,0,0.65000000,2224.2200
1627258584567000,0,2.25021743,2224.2300
1627258584626000,0,0.65000000,2224.2200
1627258589118000,1,0.53800000,2223.3300
1627258589118000,1,0.03027253,2223.3100
1627258589118000,1,0.32662747,2223.3100
1627258594816000,0,0.36259586,2227.0800
1627258598684000,0,3.63540987,2226.2400
1627258598684000,0,2.24863797,2226.2500
1627258598684000,0,3.37345549,2226.4600
1627258598684000,0,2.53192643,2226.5600
1627258598949000,0,0.21763185,2224.7800
1627258601189000,0,0.22198000,2224.9700
1627258601380000,0,0.00000042,2224.9700
1627258614140000,0,2.25031026,2223.9500
1627258619921000,0,0.76760000,2223.8700
1627258621209000,0,1.51577165,2223.0800
1627258622022000,0,3.95804359,2223.8600
1627258622048000,0,1.04147462,2223.8600
1627258622134000,0,1.11090626,2223.8600
1627258622136000,0,0.90261134,2223.8600
1627258622137000,0,1.83608118,2223.8600
1627258622142000,0,2.69240476,2223.8600
1627258622142000,0,1.16490865,2223.8600
1627258622304000,0,0.24750422,2223.0500
1627258622304000,0,8.29356960,2223.8600
1627258624355000,0,0.76562651,2225.0000
1627258624963000,1,9.13070000,2223.9600
1627258624964000,1,0.00009320,2223.9600
1627258628464000,0,0.38277352,2223.1900
1627258628464000,0,11.33722648,2223.2600
1627258637134000,0,0.43232000,2223.1100
1627258637382000,0,0.36400000,2222.6200
1627258638506000,0,0.00000253,2223.1100
1627258638506000,0,2.42860363,2223.1700
1627258638508000,0,1.72183189,2223.1700
1627258638536000,0,8.49956448,2223.1700
1627258638661000,0,1.05026637,2223.4200
1627258638661000,0,1.01635656,2223.4200
1627258639502000,0,0.47038000,2223.2500
1627258639549000,0,0.00000126,2223.2500
1627258639568000,0,0.18428000,2223.4200
1627258639631000,0,0.00000637,2223.4200
1627258639660000,0,0.20000000,2224.0200
1627258654237000,0,2.25208000,2222.1000
1627258657408000,0,0.02932475,2222.2700
1627258657408000,0,1.71369316,2222.7000
1627258657408000,0,0.53800000,2222.7100
1627258657408000,0,5.98136166,2222.7300
1627258658325000,0,0.20559235,2221.2600
1627258658330000,0,0.00000001,2221.2600
1627258669182000,1,2.40000000,2220.0100
1627258679826000,1,7.02282559,2217.1400
1627258680085000,0,0.14955000,2217.3200
1627258680086000,0,0.00000085,2217.3200
1627258681845000,0,1.22961000,2218.1600
1627258682445000,0,0.00000955,2218.1600
1627258686608000,1,0.02925465,2218.6200
1627258713505000,0,0.90748124,2219.5500
1627258715173000,0,0.88848251,2220.1900
1627258715173000,0,2.25440638,2220.3400
1627258715173000,0,0.53800000,2220.4200
1627258715173000,0,9.04422884,2220.4300
1627258715173000,0,0.69359103,2220.4400
1627258716270000,0,0.15873355,2219.3100
1627258717650000,0,0.23300000,2218.9500
1627258732620000,0,2.25556000,2218.4400
1627258738884000,0,0.00000403,2218.4400
1627258738884000,0,0.53800000,2219.1300
1627258738884000,0,3.38307658,2219.1500
1627258738884000,0,0.00661024,2219.3100
1627258738884000,0,0.02996936,2219.4600
1627258738884000,0,7.60231018,2219.5000
1627258740679000,0,0.20692000,2217.7200
1627258740778000,0,0.00000187,2217.7200
1627258741935000,1,0.49250480,2217.4200
1627258742014000,1,0.02919923,2216.4300
1627258742014000,1,7.30470757,2216.2500
1627258742022000,1,1.04506817,2216.2500
1627258742028000,1,1.05461929,2216.2500
1627258742030000,1,0.85015229,2216.2500
1627258742054000,1,0.88248731,2216.2500
1627258742056000,1,3.01129442,2216.2500
1627258742125000,1,0.89610828,2216.2500
1627258742226000,1,0.50000000,2216.2600
1627258742226000,1,0.75000000,2216.2600
1627258742255000,1,0.17333448,2215.8700
1627258742601000,1,0.51932093,2215.7000
1627258742635000,1,0.38161330,2215.7000
1627258753657000,0,1.47900000,2214.2500
1627258753658000,0,0.00045091,2214.2500
1627258763994000,0,0.10000000,2215.7400
1627258779637000,0,0.44900000,2215.7100
1627258779637000,0,0.50000000,2215.7100
1627258779637000,0,9.17698304,2215.7200
1627258779637000,0,0.54000000,2215.7300
1627258779637000,0,0.03004296,2215.8700
1627258779637000,0,2.04100000,2216.0600
1627258779879000,0,0.07200000,2214.4900
1627258780939000,0,0.00039898,2214.4900
1627258780939000,0,0.04760102,2214.4900
1627258791498000,0,0.00051018,2214.4900
1627258800765000,1,0.50000000,2215.0400
1627258800765000,1,0.50000000,2215.0400
1627258801527000,0,1.02589513,2216.5500
1627258808928000,0,2.25783027,2216.4400
1627258808928000,0,0.89813336,2216.8200
1627258808928000,0,0.45100000,2216.9700
1627258808928000,0,0.50000000,2217.1800
1627258808928000,0,7.95565093,2217.1900
1627258812233000,0,0.01416180,2216.1200
1627258812233000,0,0.13183820,2216.1200
1627258812420000,0,0.00037603,2216.1200
1627258818608000,1,1.26231870,2215.0100
1627258818609000,1,1.00369186,2215.0100
1627258818610000,1,1.23270323,2215.0100
1627258818614000,1,3.09872191,2215.0100
1627258821007000,1,0.18681898,2214.5800
1627258833660000,0,0.01700000,2213.9000
1627258836790000,0,2.33191000,2213.7300
1627258839071000,0,0.00084257,2213.9000
1627258854070000,1,0.45657305,2216.2400
1627258859385000,1,0.14360998,2216.5300
1627258859392000,1,0.27770480,2216.5300
1627258859433000,0,0.09779673,2218.6700
1627258859496000,1,0.32868522,2216.5300
1627258859496000,1,0.04690079,2216.5300
1627258859731000,0,0.40220327,2218.6700
1627258859731000,0,0.50000000,2218.6700
1627258859731000,0,0.89381013,2218.6800
1627258861308000,0,1.07460000,2218.6000
1627258865088000,0,0.00001170,2218.6000
1627258865088000,0,0.91399417,2219.5600
1627258865143000,0,0.00001171,2219.5600
1627258865143000,0,0.90670104,2219.8900
1627258872747000,1,0.27622475,2220.8800
1627258873938000,1,0.50000000,2221.6500
1627258873938000,1,2.90793975,2221.6400
1627258874479000,0,0.01900000,2222.9400
1627258874538000,0,0.00072857,2222.9400
1627258899617000,0,0.89281614,2221.5100
1627258899617000,0,0.75000000,2221.5100
1627258899617000,0,2.25342923,2221.5200
1627258899617000,0,0.44800000,2221.6800
1627258899617000,0,0.53800000,2221.7300
1627258899664000,1,10.43200000,2221.7400
1627258905686000,1,3.93937874,2219.0300
1627258908149000,1,0.40000000,2218.0100
1627258908149000,1,0.75000000,2218.0100
1627258908149000,1,2.13112165,2218.0100
1627258910975000,0,0.13555137,2219.7900
1627258918777000,0,2.25370968,2220.6300
1627258918858000,0,1.40000000,2221.3500
1627258918858000,0,1.12420027,2221.3800
1627258918864000,0,2.25577129,2221.3800
1627258918896000,0,0.88781049,2221.4200
1627258919041000,1,0.01067178,2220.2000
1627258922330000,1,0.52087926,2221.9200
1627258922694000,0,1.06977000,2223.1900
1627258922743000,0,0.00000996,2223.1900
1627258922860000,0,0.53900000,2224.0100
1627258926768000,0,0.44800000,2224.9900
1627258926768000,0,1.30415970,2225.0000
1627258926768000,0,0.75000000,2225.3600
1627258926768000,0,0.50000000,2225.3900
1627258926768000,0,1.02332273,2225.3900
1627258926768000,0,8.33620773,2225.4000
1627258927445000,1,0.49032731,2223.2700
1627258937456000,0,3.13821651,2223.0500
1627258938459000,1,0.06461297,2222.6100
1627258939798000,1,0.06741345,2222.8600
1627258942767000,0,0.07225000,2223.7900
1627258942833000,0,0.00000159,2223.7900
1627258950706000,0,0.53700000,2225.6400
1627258950706000,0,0.44900000,2225.6500
1627258950706000,0,2.24931205,2225.6600
1627258950706000,0,0.90711423,2225.9600
1627258950757000,1,9.05300000,2226.0800
1627258953322000,1,1.25730000,2224.1100
1627258955286000,0,2.24984067,2224.1800
1627258955481000,0,0.00000001,2224.1800
1627258956022000,1,2.37900000,2225.3900
1627258956023000,1,9.42100000,2225.3900
1627258957678000,0,2.18894074,2224.1600
1627258957691000,0,0.06104344,2224.1600
1627258958740000,0,2.24932206,2224.7400
1627258958744000,0,0.00000001,2224.7400
1627258962315000,1,10.00000000,2223.3400
1627258962315000,1,0.20000000,2223.2300
1627258976478000,0,0.17965773,2221.8700
1627258976491000,0,0.00000001,2221.8700
1627258985810000,0,0.89969007,2223.6800
1627258986028000,1,2.78800000,2223.9500
1627258997381000,0,0.90488866,2223.9200
1627258997399000,0,2.25052883,2224.0100
1627258997412000,0,3.36931720,2224.2300
1627258997416000,0,0.00643276,2224.2300
1627258997492000,0,0.89822188,2224.8400
1627258997492000,0,3.08389685,2224.8500
1627258997508000,0,0.96727507,2224.8500
1627258997576000,0,0.45000000,2224.8500
1627258997753000,1,0.00936572,2224.3400
1627258998683000,0,5.80000000,2225.6000
1627259009781000,0,0.76043859,2226.6100
1627259009781000,0,0.35100000,2226.6100
1627259009781000,0,1.91724222,2226.7000
1627259014809000,0,0.02452769,2226.0000
1627259014810000,0,0.00000001,2226.0000
1627259025325000,1,0.04650000,2225.8600
1627259025830000,1,10.00000000,2225.8500
1627259025830000,1,0.50000000,2225.8500
1627259025830000,1,0.53800000,2225.7600
1627259025830000,1,10.00000000,2225.7300
1627259025830000,1,0.44800000,2225.6400
1627259025830000,1,0.03058229,2225.4900
1627259025830000,1,8.01406871,2225.0600
1627259027119000,1,10.00000000,2225.9700
1627259027119000,1,1.40000000,2225.9700
1627259027119000,1,0.44800000,2225.8700
1627259027119000,1,9.48476296,2225.8600
1627259027119000,1,8.19788804,2225.8500
1627259032857000,0,0.01378764,2226.8600
1627259032857000,0,0.09109730,2226.8600
1627259032933000,0,0.00000001,2226.8600
1627259035613000,0,2.24673928,2226.8600
1627259038771000,0,0.00000001,2226.8600
1627259038771000,0,2.24672999,2226.8600
1627259038805000,0,0.00000930,2226.8600
1627259038829000,0,3.37024455,2227.0900
1627259038834000,0,1.40000000,2227.0900
1627259039365000,0,0.01298000,2226.7300
1627259044617000,0,0.00000401,2226.7300
1627259044617000,0,2.24618954,2227.8400
1627259044716000,1,2.24618954,2228.4300
1627259044719000,1,3.36894745,2228.4300
1627259044814000,1,3.20485000,2228.4300
1627259044835000,1,0.00000900,2228.4300
1627259048324000,0,0.75506000,2228.2100
1627259048331000,0,0.00000802,2228.2100
1627259050081000,0,2.24450229,2229.5000
1627259059079000,0,2.24525609,2228.8600
1627259060648000,1,2.00000000,2228.0000
1627259068857000,0,0.53800000,2228.0900
1627259068857000,0,3.36923179,2228.1100
1627259068857000,0,0.50000000,2228.5100
1627259068857000,0,7.68800000,2228.5200
1627259104605000,1,10.23000000,2227.3300
1627259129580000,1,0.24585075,2223.3000
1627259129729000,1,0.00000001,2223.3000
1627259154567000,0,2.24844484,2225.6200
1627259154567000,0,3.37266726,2225.9400
1627259154567000,0,0.53800000,2225.9900
1627259154567000,0,0.45000000,2226.0100
1627259154567000,0,3.05155516,2226.0200
1627259156988000,0,0.04470664,2225.6200
1627259157658000,0,2.20373000,2225.6200
1627259157691000,0,0.00000820,2225.6200
1627259157691000,0,0.80611331,2225.9400
1627259163234000,0,0.84892000,2227.7500
1627259164197000,0,3.75000000,2228.9600
1627259175633000,0,0.84892306,2232.5500
1627259175633000,0,0.14900000,2232.6500
1627259175633000,0,0.15100000,2232.6600
1627259175633000,0,0.02973231,2232.7800
1627259175633000,0,8.80542970,2232.8300
1627259176982000,0,0.08000000,2233.3200
1627259177414000,0,0.01000000,2233.3600
1627259180176000,0,0.00502733,2233.3600
1627259183082000,1,0.01000000,2232.2400
1627259185610000,1,0.02000000,2230.6800
1627259190239000,0,1.00000000,2229.6700
1627259212531000,1,3.41574000,2229.8700
1627259235311000,1,16.57020000,2231.2900
1627259235314000,1,0.00009565,2231.2900
1627259239368000,1,2.25000000,2230.9600
1627259239415000,1,2.00000000,2230.9600
1627259239573000,1,0.75000000,2230.9600
1627259244152000,0,2.24399591,2229.9300
1627259244152000,0,3.36599386,2230.2500
1627259244152000,0,6.39001023,2230.6700
1627259258069000,1,0.10000000,2228.6000
1627259260348000,1,0.13573942,2228.6800
1627259264468000,0,0.15000000,2229.9500
1627259264468000,0,1.25834880,2229.9600
1627259270886000,0,0.12719957,2229.4100
1627259280804000,1,0.04000000,2227.7100
1627259292472000,0,0.53700000,2230.5000
1627259292472000,0,10.00000000,2230.5200
1627259292472000,0,0.03023627,2230.5900
1627259292472000,0,2.24376877,2230.7700
1627259292472000,0,0.47719730,2230.9600
1627259292472000,0,1.92240892,2230.9700
1627259319670000,0,2.24469970,2229.3400
1627259319670000,0,3.36251181,2229.3600
1627259320895000,0,2.24478018,2228.8900
1627259320895000,0,0.00469970,2229.3600
1627259320895000,0,0.44600000,2229.4300
1627259320895000,0,0.53800000,2229.6500
1627259320895000,0,4.48944581,2229.6700
1627259320895000,0,7.27707431,2229.7100
1627259325227000,0,2.24416000,2229.5700
1627259328038000,0,0.00000856,2229.5700
1627259328038000,0,1.54981001,2229.5900
1627259334708000,1,0.12238715,2228.4200
1627259334713000,1,0.00000001,2228.4200
1627259345499000,0,2.55593000,2228.4400
1627259345542000,0,0.58900000,2228.4400
1627259348616000,1,4.46000000,2228.9700
1627259383816000,0,2.16000000,2228.1400
1627259383833000,0,0.08569946,2228.1400
1627259383862000,0,3.36854918,2228.4100
1627259389420000,0,0.53700000,2229.3600
1627259389420000,0,0.44600000,2229.3600
1627259389420000,0,2.24483835,2229.3700
1627259389420000,0,0.18608360,2229.7100
1627259389420000,0,3.36725752,2229.7200
1627259389472000,1,3.79700000,2229.8100
1627259401752000,1,0.33053946,2229.8300
1627259404417000,1,0.03003147,2230.7800
1627259404417000,1,0.34523588,2230.6100
1627259411602000,1,0.02000000,2228.9700
1627259412283000,1,0.02000000,2228.5600
1627259467475000,0,0.02000000,2226.5000
1627259467475000,0,1.92821438,2226.5100
1627259468649000,1,8.40000000,2227.8900
1627259484171000,0,0.44800000,2232.1900
1627259484171000,0,0.35000000,2232.2000
1627259484171000,0,2.94200000,2232.2100
1627259498739000,1,0.50000000,2231.4400
1627259498739000,1,0.53728987,2231.4300
1627259506541000,0,2.24130000,2233.4700
1627259506582000,0,0.00003223,2233.4700
1627259506686000,0,1.45738138,2233.8800
1627259507218000,0,0.02299999,2235.0000
1627259507219000,0,0.00000001,2235.0000
1627259507291000,0,0.50000000,2234.9100
1627259508333000,1,0.50000000,2233.8300
1627259508333000,1,0.75000000,2233.8300
1627259508333000,1,3.24323674,2233.8200
1627259509258000,0,0.94255433,2235.6200
1627259509258000,0,0.28540195,2235.6200
1627259509268000,0,1.01166149,2235.6200
1627259510233000,0,0.19999999,2235.8000
1627259510236000,0,0.00000001,2235.8000
1627259510730000,0,0.01000000,2235.9900
1627259511981000,0,0.44500000,2235.9800
1627259511981000,0,0.53400000,2235.9800
1627259511981000,0,15.01708084,2236.0000
1627259511984000,0,4.02871735,2236.0000
1627259511985000,0,6.15149678,2236.0000
1627259511985000,0,1.18395334,2236.0000
1627259513135000,1,0.63407273,2236.0000
1627259514073000,0,2.07969000,2237.3000
1627259515062000,1,0.02000000,2237.2900
1627259516905000,0,0.00000822,2237.3000
1627259520673000,0,1.40000000,2237.8700
1627259522435000,1,1.30000000,2236.9800
1627259522435000,1,0.24427238,2236.9700
1627259522435000,1,0.45000000,2236.9100
1627259522435000,1,0.70000000,2236.9100
1627259522435000,1,0.93417262,2236.9000
1627259522495000,1,9.06582738,2236.9000
1627259522495000,1,0.45000000,2236.8200
1627259522495000,1,6.85572762,2236.8100
1627259524217000,0,0.75000000,2238.4800
1627259524217000,0,0.50000000,2238.4800
1627259528770000,1,0.03053087,2237.0800
1627259529232000,1,0.01526543,2237.0800
1627259534947000,0,0.70000000,2236.6600
1627259534947000,0,0.36376779,2236.7800
1627259534947000,0,0.00000001,2236.7800
1627259534947000,0,0.53500000,2236.8500
1627259535040000,1,0.02920664,2234.9300
1627259535040000,1,3.64667262,2234.8900
1627259541464000,1,0.01000000,2234.8700
1627259546408000,1,0.01999999,2233.4200
1627259546409000,1,0.00000001,2233.4200
1627259557374000,0,9.51817701,2233.6100
1627259557374000,0,0.53500000,2233.6200
1627259557374000,0,0.18188390,2233.6200
1627259557374000,0,0.50000000,2233.6300
1627259557374000,0,2.01493909,2233.6400
1627259559109000,0,3.36108000,2234.5300
1627259565628000,0,2.24042000,2234.4000
1627259565704000,0,0.00000369,2234.4000
1627259565704000,0,0.02999631,2234.6000
1627259565724000,0,2.10000000,2234.6000
1627259570051000,0,2.24024126,2234.2400
1627259574293000,0,2.23997189,2234.3000
1627259574294000,0,0.00000001,2234.3000
1627259578380000,0,0.18643207,2233.7600
1627259578392000,0,2.05404252,2233.7600
1627259580010000,0,0.40000000,2235.6500
1627259580010000,0,2.63000000,2235.6600
1627259582764000,0,1.66313285,2234.1100
1627259582765000,0,0.57692004,2234.1100
1627259587267000,0,2.24053586,2233.6400
1627259588406000,0,2.23999767,2234.1500
1627259588406000,0,3.36023017,2234.3700
1627259588408000,0,0.00000001,2234.3700
1627259595017000,1,0.03044901,2232.1600
1627259595017000,1,18.49242656,2232.1600
1627259595992000,0,0.18157676,2233.0500
1627259598772000,1,0.05000000,2230.8100
1627259617963000,1,0.10000000,2229.7500
1627259621295000,1,10.00000000,2230.3100
1627259637515000,0,2.24218543,2232.0100
1627259637515000,0,3.66981457,2232.2800
1627259643686000,0,1.44000000,2232.0100
1627259654900000,0,0.53700000,2233.6900
1627259654900000,0,0.44700000,2233.6900
1627259654900000,0,0.45600000,2233.7000
1627259678208000,1,1.40000000,2234.1000
1627259697917000,0,0.82456626,2233.9700
1627259697917000,0,1.41554329,2233.9700
1627259698232000,0,1.40000000,2234.3700
1627259717559000,1,0.24650000,2232.7100
1627259719920000,1,0.00000760,2232.7100
1627259719920000,1,0.12299240,2232.7100
1627259721759000,1,0.00025692,2232.7100
1627259721759000,1,0.06074308,2232.7100
1627259726448000,0,1.51439000,2231.2400
1627259731218000,0,0.00000268,2231.2400
1627259742464000,1,0.66808226,2231.3500
1627259751365000,1,0.98200000,2231.3300
1627259751367000,1,1.20809092,2231.3300
1627259771386000,0,1.92188446,2232.5700
1627259771426000,0,0.31939567,2232.5700
1627259804337000,0,0.07599000,2231.9800
1627259827802000,0,1.96121490,2231.5900
1627259870333000,1,1.40000000,2230.6000
1627259870333000,1,0.50000000,2230.5900
1627259870343000,1,0.53500000,2230.5700
1627259870353000,1,0.75000000,2230.5900
1627259870401000,1,0.50000000,2230.3000
1627259870410000,1,0.86947175,2230.1900
1627259870413000,1,1.37226317,2230.1900
1627259870455000,1,3.36244019,2229.8900
1627259870535000,1,0.17974575,2229.5600
1627259879176000,0,1.40000000,2229.6100
1627259903994000,0,1.14095868,2232.1500
1627259903997000,0,1.10678046,2232.1500
1627259903998000,0,0.24002936,2232.1500
1627259904093000,0,0.88595570,2232.8800
1627259917524000,0,0.90468000,2233.8800
1627259925640000,0,1.70993875,2235.2900
1627259925640000,0,0.90212437,2235.5400
1627259931925000,0,0.90525768,2235.8800
1627259931925000,0,0.09977246,2235.9800
1627259931926000,0,0.65022754,2235.9800
1627259933829000,0,0.72435770,2237.5400
1627259933831000,0,0.16319164,2237.5400
1627259939470000,1,0.03231358,2233.3000
1627259953408000,1,0.75000000,2234.0400
1627259953847000,1,0.10472911,2233.9400
1627259962066000,1,0.89020691,2233.2100
1627259973555000,0,0.17815417,2234.0200
1627259980942000,1,0.21897683,2232.0200
1627259998796000,0,2.24082000,2233.0400
1627259999087000,0,0.00000171,2233.0400
1627259999087000,0,3.36115829,2233.5000
1627260085581000,0,0.00000835,2233.5000
1627260091258000,1,0.03053722,2233.3400
1627260144875000,1,0.06664175,2232.3200
1627260207072000,0,2.23776657,2236.1600
1627260207145000,0,1.42000000,2237.1500
1627260207145000,0,0.65000000,2237.1600
1627260207145000,0,2.52920629,2237.1700
1627260207255000,0,0.18400000,2236.1600
1627260207260000,0,3.35601665,2236.7600
1627260207260000,0,1.43780599,2237.1700
1627260219739000,1,0.75000000,2236.1600
1627260219739000,1,0.25000000,2236.1500
1627260233973000,0,2.23597662,2238.2000
1627260235184000,0,0.90287019,2238.8600
1627260235187000,0,0.00000001,2238.8600
1627260235188000,0,0.07800000,2239.0000
1627260235188000,0,2.02880000,2239.0000
1627260235188000,0,0.25000000,2239.0000
1627260236248000,0,0.88543177,2239.5400
1627260236253000,0,0.00000001,2239.5400
1627260238144000,1,0.10000000,2238.0400
1627260239356000,1,0.84317015,2237.4700
1627260245429000,0,0.88348534,2238.8600
1627260249343000,0,2.23447739,2239.6300
1627260249394000,0,1.13744007,2239.7300
1627260249399000,0,1.09703733,2239.7300
1627260249580000,0,2.23447739,2239.7300
1627260249580000,0,0.00000001,2239.7300
1627260250303000,0,2.71141713,2240.0000
1627260250305000,0,0.28858287,2240.0000
1627260253390000,0,2.23350013,2240.3000
1627260256505000,0,0.00000001,2240.3000
1627260256505000,0,0.02947000,2241.0000
1627260256505000,0,0.10000000,2241.0000
1627260257097000,0,0.02022664,2241.9500
1627260257097000,0,0.89860558,2242.2000
1627260257097000,0,0.11939858,2242.3500
1627260257097000,0,0.75000000,2242.3600
1627260257097000,0,1.11832000,2242.3700
1627260257097000,0,0.88682175,2242.5400
1627260257097000,0,0.21357606,2242.7400
1627260259362000,1,0.84317015,2241.3400
1627260260246000,1,0.12500000,2240.8500
1627260260554000,1,0.36496586,2240.8500
1627260262204000,1,0.06249860,2240.8500
1627260262204000,1,0.18248432,2240.8500
1627260263386000,1,0.03125153,2240.8500
1627260263386000,1,0.09123847,2240.8500
1627260263517000,1,0.00000369,2240.8500
1627260273589000,1,0.83123461,2236.8500
1627260273591000,1,0.00000001,2236.8500
1627260273591000,1,0.75000000,2236.7300
1627260283769000,0,0.84317016,2241.4300
1627260316975000,0,2.23242000,2241.0100
1627260327157000,0,0.00000859,2241.0100
1627260327157000,0,2.23242125,2241.0200
1627260332727000,0,2.23239097,2240.5000
1627260345850000,0,2.23330218,2239.6500
1627260345883000,0,2.45380259,2239.7300
1627260345927000,0,0.89608230,2239.7300
1627260356051000,1,0.53400000,2238.4900
1627260356120000,1,0.44600000,2238.4800
1627260373179000,0,0.02128433,2242.8400
1627260379201000,0,1.00000000,2245.0000
1627260379201000,0,1.49975495,2245.0000
1627260379262000,0,0.50024505,2245.0000
1627260379262000,0,0.50000000,2245.0000
1627260382203000,0,0.02937694,2245.3200
1627260382203000,0,0.85908107,2245.4800
1627260422536000,1,0.14000000,2240.8200
1627260433433000,1,0.15008150,2239.3400
1627260463358000,1,0.12232567,2239.3500
1627260481132000,0,0.14000000,2240.9200
1627260482794000,0,0.32900000,2240.9200
1627260484754000,0,0.42800000,2241.4800
1627260486200000,0,0.41972423,2242.0400
1627260486395000,0,0.05327576,2242.0400
1627260489840000,0,0.00000001,2242.0400
1627260489840000,0,0.41199998,2242.6000
1627260489841000,0,0.00000002,2242.6000
1627260489869000,0,0.34300000,2243.1600
1627260489876000,0,0.75000000,2243.6400
1627260489921000,0,0.38800000,2243.7200
1627260489921000,0,0.50000000,2243.8900
1627260491224000,0,0.32600000,2244.2800
1627260499310000,0,0.36700000,2244.8400
1627260502052000,0,0.84317015,2246.3100
1627260502053000,0,0.00000001,2246.3100
1627260507624000,0,0.19000000,2247.0000
1627260511632000,1,0.04417000,2246.1200
1627260512475000,0,0.08000000,2247.5600
1627260512769000,0,0.01000000,2247.8700
1627260515430000,0,0.37700000,2247.7800
1627260515536000,0,1.23516863,2247.8700
1627260519477000,0,0.06257000,2248.1900
1627260519703000,0,0.00000500,2248.1900
1627260519703000,0,0.28299500,2248.3400
1627260519882000,0,0.00000500,2248.3400
1627260520313000,0,0.32199999,2248.9000
1627260520314000,0,0.00000001,2248.9000
1627260520314000,0,3.07349827,2249.0000
1627260520316000,0,3.34638852,2249.0000
1627260520713000,0,2.40728874,2249.0000
1627260520848000,0,14.65565090,2249.0000
1627260520849000,0,0.63608140,2249.0000
1627260520849000,0,2.82327405,2249.0000
1627260520858000,0,13.93963134,2249.0000
1627260520858000,0,9.11818678,2249.0000
1627260520889000,0,0.35100000,2249.4600
1627260521019000,0,0.11168164,2250.0000
1627260521019000,0,0.18653008,2250.0000
1627260521019000,0,0.07402051,2250.0000
1627260521019000,0,0.08000000,2250.0000
1627260521019000,0,0.54776777,2250.0000
1627260521074000,0,4.45223223,2250.0000
1627260521074000,0,1.00000000,2250.0000
1627260521074000,0,1.00000000,2250.0000
1627260521074000,0,0.50000000,2250.0000
1627260521074000,0,2.00000000,2250.0000
1627260521074000,0,1.00000000,2250.0000
1627260521074000,0,1.00000000,2250.0000
1627260521074000,0,0.10000000,2250.0000
1627260521074000,0,1.00000000,2250.0000
1627260521074000,0,4.00000000,2250.0000
1627260521074000,0,4.00000000,2250.0000
1627260521074000,0,1.00000000,2250.0000
1627260521074000,0,1.80000000,2250.0000
1627260521074000,0,0.20000000,2250.0000
1627260521074000,0,8.00000000,2250.0000
1627260521074000,0,1.00000000,2250.0000
1627260521230000,0,0.36100000,2250.0200
1627260525202000,0,0.03500000,2250.1900
1627260525202000,0,0.08999999,2250.2800
1627260525204000,0,0.00000001,2250.2800
1627260525293000,0,0.31200000,2250.5800
1627260525630000,1,1.67282051,2249.9500
1627260525631000,1,1.01166118,2249.9500
1627260525634000,0,0.30900000,2251.1400
1627260525637000,1,1.08552412,2249.9500
1627260525673000,0,0.01000000,2251.7000
1627260528318000,1,0.01000000,2250.5700
1627260531849000,1,0.50000000,2249.1400
1627260531849000,1,0.04100213,2249.1400
1627260533818000,0,0.01000000,2251.7000
1627260537444000,0,0.24400000,2251.7000
1627260542648000,1,0.03786000,2250.7500
1627260543312000,1,0.25471483,2250.7600
1627260545014000,1,0.02003919,2250.8800
1627260557529000,1,0.02000000,2249.1100
1627260593700000,0,0.25000000,2249.3500
1627260593700000,0,0.02398581,2249.3500
1627260616832000,1,0.37100000,2246.7600
1627260616832000,1,0.01000000,2246.7500
1627260616832000,1,0.44400000,2246.7000
1627260616832000,1,0.05000000,2246.4800
1627260616832000,1,0.01560000,2246.3100
1627260621474000,1,0.99999999,2246.8100
1627260621480000,1,0.00000001,2246.8100
1627260630815000,1,0.53300000,2245.5600
1627260630815000,1,0.44400000,2245.5600
1627260630815000,1,0.48752866,2245.5500
1627260630815000,1,0.04999999,2245.5500
1627260630815000,1,0.70000001,2245.5500
1627260630815000,1,1.42000000,2245.5400
1627260630815000,1,0.05000000,2245.5400
1627260630977000,1,0.02000000,2245.1800
1627260645641000,1,0.53300000,2243.9900
1627260645641000,1,0.70000000,2243.9800
1627260645641000,1,8.70546830,2243.9700
1627260651034000,0,0.01388318,2245.4800
1627260677552000,1,8.34811388,2243.8100
1627260677602000,1,15.99913894,2243.4700
1627260677626000,1,2.67300000,2243.5600
1627260677626000,1,2.22700000,2243.4900
1627260689446000,0,0.50000000,2247.5300
1627260689446000,0,9.53418082,2247.5400
1627260689446000,0,0.95476210,2247.5400
1627260693786000,0,8.69381646,2247.9500
1627260706625000,1,0.50000000,2247.9600
1627260706625000,1,0.03025437,2247.4400
1627260706677000,1,0.50000000,2247.8200
1627260706685000,1,0.16955827,2246.9500
1627260706685000,1,0.83781919,2246.7900
1627260706685000,1,0.03027450,2246.4100
1627260706685000,1,2.22422045,2246.3100
1627260706685000,1,0.42389612,2246.2800
1627260706685000,1,1.10214834,2245.8500
1627260706685000,1,0.03019768,2245.8400
1627260706685000,1,3.00000000,2245.5600
1627260706685000,1,6.40521904,2245.4500
1627260706685000,1,1.76719429,2245.3100
1627260706906000,1,0.42383579,2246.8700
1627260707633000,1,6.09986218,2245.8500
1627260707809000,1,0.67334239,2245.8500
1627260707883000,1,1.71682169,2245.8500
1627260707886000,1,2.71258374,2245.8500
1627260708575000,0,0.02000000,2246.9500
1627260708580000,0,0.28000000,2246.9500
1627260710590000,0,0.30000000,2247.4700
1627260722313000,0,0.03101812,2249.5700
1627260737459000,0,0.03049704,2250.7800
1627260737526000,0,0.59078848,2251.1600
1627260737564000,0,0.03034525,2251.3000
1627260737618000,0,0.83781920,2251.6200
1627260737618000,0,0.02927777,2251.7800
1627260737618000,0,0.01489000,2251.9000
1627260737652000,0,0.10561865,2252.1300
1627260737652000,0,2.22332675,2252.1700
1627260737663000,0,0.75000000,2252.1600
1627260737743000,0,0.03010664,2252.3400
1627260738239000,0,0.07499999,2251.8800
1627260738239000,0,0.00000001,2251.8800
1627260738357000,0,1.34529000,2251.8900
1627260739526000,0,0.17314578,2253.2600
1627260739560000,0,0.00000001,2253.2600
1627260743284000,0,0.30000000,2252.4800
1627260743284000,0,0.50000000,2252.4900
1627260743284000,0,0.70000000,2252.4900
1627260748341000,1,0.07499999,2252.2000
1627260748371000,1,0.00000001,2252.2000
1627260753237000,1,0.03746600,2247.9000
1627260756346000,1,2.24200000,2247.9800
1627260757579000,1,0.03746000,2247.2000
1627260765481000,0,0.29999999,2250.5800
1627260771032000,0,5.20000000,2251.4800
1627260772961000,0,0.02232794,2253.6400
1627260774150000,0,0.83781000,2254.7800
1627260774182000,0,0.03797629,2254.7000
1627260774217000,0,0.25455129,2254.7000
1627260774235000,0,0.02542204,2255.0000
1627260774235000,0,1.00000000,2255.0000
1627260774235000,0,0.01500000,2255.0000
1627260774235000,0,0.04000000,2255.0000
1627260774385000,1,0.83781919,2254.6900
1627260774385000,1,0.03119865,2253.0900
1627260774386000,1,0.75000000,2252.7600
1627260774386000,1,10.00000000,2252.7500
1627260774386000,1,0.44300000,2252.6500
1627260774386000,1,0.02946436,2252.6400
1627260775450000,0,0.83700000,2254.4900
1627260776277000,0,0.83781919,2254.0200
1627260776278000,0,0.00000001,2254.0200
1627260791084000,0,0.30000000,2249.4400
1627260810826000,1,0.01077000,2247.6200
1627260840269000,0,0.06035299,2252.8100
1627260840302000,0,0.06035299,2252.8100
1627260840302000,0,0.06035299,2252.8100
1627260840309000,0,0.06035299,2252.8100
1627260840318000,0,0.06035299,2252.8100
1627260840319000,0,0.02981896,2252.8100
1627260842909000,1,0.30799999,2251.8500
1627260843302000,1,0.10800991,2251.8300
1627260843316000,1,0.00000001,2251.8300
1627260843816000,1,0.05400000,2251.8300
1627260843873000,1,0.00000496,2251.8300
1627260844250000,1,0.02700469,2251.8300
1627260844258000,1,0.00000001,2251.8300
1627260871802000,0,0.75000000,2251.4700
1627260871802000,0,2.25000000,2251.4800
1627260888324000,0,0.05000000,2253.2900
1627260905814000,1,0.02227092,2250.0500
1627260913050000,1,1.00000000,2248.8800
1627260919967000,1,4.44708902,2247.6400
1627260919973000,1,4.26685045,2247.6400
1627260919977000,1,0.75000000,2247.6500
1627260919977000,1,0.01269406,2247.6400
1627260924743000,0,0.75000000,2249.3300
1627260924743000,0,0.15763291,2249.3300
1627260924743000,0,0.34236709,2249.3300
1627260924743000,0,0.78977299,2249.3400
1627260924793000,0,0.50000000,2249.3300
1627260924793000,0,0.62201246,2249.3300
1627260924842000,0,1.09973925,2249.3400
1627260947876000,1,0.83700000,2249.2300
1627260999379000,0,0.88740296,2249.2600
1627261043001000,0,7.90000000,2252.0200
1627261045275000,1,0.50000000,2250.5100
1627261045275000,1,0.38570000,2250.5100
1627261059718000,1,0.80095319,2251.0000
1627261061538000,0,0.87488954,2252.1700
1627261072861000,0,0.11050401,2251.1400
1627261094744000,0,0.21995116,2254.1900
1627261094745000,0,0.68109533,2254.1900
1627261094753000,0,0.12000000,2254.7100
1627261094753000,0,0.03044547,2254.7200
1627261094753000,0,0.83781920,2255.1900
1627261094753000,0,0.03087821,2255.2100
1627261094753000,0,0.28129800,2255.2900
1627261094753000,0,4.44014817,2255.7700
1627261094757000,0,16.19659147,2256.0000
1627261094761000,0,16.19618989,2256.0000
1627261094776000,0,1.15101864,2256.0000
1627261094776000,0,1.33468033,2256.2300
1627261094825000,1,4.96138056,2252.4000
1627261094835000,1,2.16035522,2252.4000
1627261094837000,1,2.18864810,2252.4000
1627261094837000,1,2.30546502,2252.3900
1627261094838000,1,1.28185191,2252.3900
1627261094842000,1,4.99950049,2252.3900
1627261094843000,1,1.41318258,2252.3900
1627261094851000,1,0.75000000,2252.4100
1627261094851000,1,0.50000000,2252.4100
1627261094851000,1,0.35718091,2252.2300
1627261094852000,1,1.05372253,2252.2300
1627261094874000,0,0.02946080,2255.7800
1627261094925000,0,0.45000000,2255.9900
1627261095016000,0,0.81085971,2256.2300
1627261095028000,0,0.89814227,2255.9900
1627261095028000,0,5.46107026,2256.2300
1627261095048000,0,0.45000000,2256.2200
1627261095048000,0,0.48022431,2256.2300
1627261095086000,0,2.15378640,2256.2300
1627261095130000,0,0.90044547,2256.2300
1627261095190000,0,0.45000000,2256.2200
1627261095190000,0,0.45104649,2256.2300
1627261095203000,1,1.21596357,2252.5200
1627261095383000,0,0.97250724,2256.2300
1627261095427000,0,1.61467913,2256.2300
1627261095427000,0,1.41912061,2256.2300
1627261095430000,0,0.94343773,2256.2300
1627261095432000,0,1.35305354,2256.2300
1627261095437000,0,0.91436822,2256.2300
1627261095443000,0,16.19074821,2256.2300
1627261095477000,0,2.15421602,2256.2300
1627261095550000,0,29.26905633,2256.2300
1627261095757000,0,1.33700290,2256.0800
1627261096030000,0,0.87553579,2256.8500
1627261096991000,0,0.31840347,2257.4700
1627261096991000,0,0.02008678,2257.5600
1627261097115000,1,0.02430284,2257.3500
1627261097663000,0,16.50000000,2257.8300
1627261098040000,0,0.02433670,2257.9000
1627261098201000,1,0.03066829,2257.5600
1627261098201000,1,0.02892989,2257.0800
1627261098201000,1,0.17713795,2256.4700
1627261098551000,1,0.03066150,2257.1900
1627261098551000,1,0.83781919,2256.9500
1627261098551000,1,0.75000000,2256.4800
1627261098551000,1,0.50000000,2256.4700
1627261098728000,1,0.07499999,2257.2100
1627261098728000,1,0.00000001,2257.2100
1627261099131000,1,0.50000000,2257.9600
1627261101192000,1,0.95670041,2258.4400
1627261104447000,1,0.81687300,2259.6700
1627261104785000,1,0.35000000,2259.3600
1627261104785000,1,0.20000000,2259.3600
1627261104785000,1,0.55839812,2259.3500
1627261105092000,1,8.87040000,2259.8400
1627261105902000,0,0.03999999,2260.8500
1627261105904000,0,0.00000001,2260.8500
1627261106400000,0,0.01000000,2262.0000
1627261106531000,0,0.98999999,2262.0000
1627261106549000,0,0.00000001,2262.0000
1627261106558000,0,0.87917334,2262.8500
1627261106558000,0,0.89252631,2263.5100
1627261106558000,0,0.89234945,2263.8500
1627261106558000,0,0.30000000,2263.9000
1627261106558000,0,0.03173003,2264.1100
1627261108433000,1,10.00000000,2264.1500
1627261108475000,0,0.09053843,2265.9900
1627261108475000,0,3.66000000,2266.0000
1627261108475000,0,0.09000000,2266.0800
1627261108475000,0,0.03088739,2266.2200
1627261109064000,1,0.83781919,2264.3200
1627261109064000,1,10.00000000,2264.0800
1627261109443000,0,0.31788617,2265.9700
1627261109443000,0,0.03340819,2266.1000
1627261109453000,0,0.31788618,2266.1000
1627261110532000,1,2.21720000,2266.0200
1627261110550000,0,0.01403456,2267.4300
1627261110550000,0,0.40000000,2268.0000
1627261110550000,0,3.14237513,2268.0000
1627261110632000,1,2.21720000,2266.0200
1627261111268000,0,3.44950000,2268.0000
1627261111538000,0,0.12704688,2267.4100
1627261111545000,0,0.14890058,2267.4100
1627261111657000,0,0.00003539,2268.0000
1627261111657000,0,0.19230151,2268.4400
1627261111657000,0,0.03090662,2268.9900
1627261111657000,0,0.01000000,2269.9200
1627261112355000,0,0.01000000,2270.3800
1627261112878000,1,0.01000000,2269.2400
1627261113716000,1,0.01999999,2267.6500
1627261113724000,1,0.00000001,2267.6500
1627261113727000,1,0.03049957,2267.4300
1627261114146000,0,0.50000000,2268.7700
1627261115243000,1,0.04000000,2264.6300
1627261115649000,1,0.01999999,2264.5400
1627261115659000,1,0.00000001,2264.5400
1627261116039000,1,0.03300000,2263.0400
1627261116651000,0,0.30000000,2265.3500
1627261116651000,0,2.89732361,2265.3600
1627261116754000,0,4.83438385,2265.6500
1627261117683000,1,5.99995048,2264.7100
1627261117690000,1,0.50000000,2264.7200
1627261117690000,1,4.00004952,2264.7100
1627261120563000,0,0.03105561,2266.1900
1627261120563000,0,0.50000000,2266.5600
1627261120563000,0,10.00000000,2266.5700
1627261120563000,0,0.03022034,2266.6800
1627261120563000,0,1.30461098,2267.0300
1627261122067000,1,0.03090482,2263.9700
1627261122070000,1,0.00000001,2263.9700
1627261122202000,1,0.50000000,2263.3700
1627261124536000,1,0.04999999,2261.8900
1627261124536000,1,0.00000001,2261.8900
1627261125641000,1,0.83781919,2259.5600
1627261126677000,1,0.09000000,2258.9100
1627261126908000,0,0.02900000,2260.3600
1627261128557000,1,0.03067418,2257.1300
1627261128568000,1,0.00000001,2257.1300
1627261129980000,0,0.52200000,2260.0200
1627261132868000,1,0.02921798,2259.1000
1627261132868000,1,0.03030220,2259.0600
1627261132871000,1,0.00000001,2259.0600
1627261136764000,1,1.64028640,2254.5300
1627261137826000,0,0.50000000,2256.5000
1627261137826000,0,0.75000000,2256.5000
1627261146098000,1,0.03047223,2256.2000
1627261151929000,1,0.75000000,2256.9400
1627261151929000,1,0.50000000,2256.9400
1627261151929000,1,10.44470670,2256.7900
1627261156195000,0,0.03095795,2261.3800
1627261157440000,0,0.00000001,2261.3800
1627261166516000,0,1.70000000,2263.0800
1627261168904000,1,0.02901391,2260.7700
1627261168940000,1,2.11760000,2260.6500
1627261175034000,0,0.75000000,2258.0000
1627261175034000,0,0.50000000,2258.0000
1627261175034000,0,2.41889004,2258.0100
1627261176687000,0,0.70000000,2258.1100
1627261180542000,0,1.33940000,2259.0300
1627261182005000,0,5.00000000,2258.7700
1627261190950000,0,7.30000000,2259.2200
1627261200725000,0,9.50995501,2262.3500
1627261200725000,0,9.12692948,2262.3800
1627261200725000,0,0.41100000,2262.7200
1627261200725000,0,0.02911139,2263.0500
1627261200835000,1,0.72300412,2263.0600
1627261203590000,1,0.50000000,2261.1600
1627261203599000,1,0.75000000,2261.1600
1627261203605000,1,16.23884265,2261.1500
1627261203608000,1,16.23884265,2261.1500
1627261203611000,1,16.23838516,2261.1500
1627261203613000,1,16.23838516,2261.1500
1627261203614000,1,5.04704438,2261.1500
1627261203641000,1,0.44000000,2261.1300
1627261203751000,1,0.48839348,2261.2300
1627261204787000,1,0.24419453,2261.2300
1627261206109000,1,0.04069000,2258.2100
1627261206421000,1,0.07600000,2258.2100
1627261209389000,0,0.50000000,2259.5400
1627261209469000,0,0.75000000,2259.5400
1627261209469000,0,0.50000000,2259.5400
1627261209469000,0,3.80000000,2259.5500
1627261214264000,0,0.20000000,2260.3300
1627261227519000,0,0.06000000,2262.0000
1627261229395000,0,1.82956099,2262.7100
1627261229401000,0,2.34289027,2262.7100
1627261238263000,0,0.03111062,2267.9400
1627261239983000,1,0.03043530,2268.8800
1627261239983000,1,0.03052867,2268.2100
1627261239983000,1,0.02000000,2267.7500
1627261240053000,0,3.80045095,2267.3400
1627261240494000,0,0.06584199,2271.0700
1627261240516000,0,0.00000001,2271.0700
1627261240580000,0,0.05404000,2271.2100
1627261240580000,0,0.50895250,2271.3500
1627261240581000,0,0.40773345,2271.3500
1627261241140000,0,0.06724000,2271.2100
1627261241169000,0,0.00000124,2271.2100
1627261241341000,0,0.01994794,2273.2700
1627261241786000,0,0.95415107,2274.2700
1627261241808000,0,3.81859932,2274.2600
1627261241808000,0,1.24584893,2274.2700
1627261242269000,0,0.03007772,2274.8800
1627261242269000,0,0.70000000,2275.0000
1627261242269000,0,0.50000000,2275.0000
1627261242269000,0,4.56992228,2275.0000
1627261242272000,1,0.02982275,2271.4400
1627261242272000,1,0.05238195,2270.6400
1627261242347000,0,0.77525155,2274.9900
1627261242347000,0,0.45474845,2275.0000
1627261242569000,0,0.77532000,2275.0000
1627261243399000,0,0.00000927,2275.0000
1627261243399000,0,1.40000000,2277.9900
1627261243399000,0,1.36549073,2278.0000
1627261243435000,0,2.90942497,2278.0000
1627261243435000,0,0.86857594,2278.0500
1627261243435000,0,0.01732527,2278.0800
1627261243435000,0,0.11007396,2278.9300
1627261244344000,1,0.52144617,2274.4300
1627261245311000,1,0.02992218,2276.6200
1627261245603000,0,0.02000000,2277.5200
1627261245663000,0,0.19800000,2279.9900
1627261245663000,0,16.35000000,2279.9900
1627261245663000,0,0.08200000,2280.0000
1627261245663000,0,0.10000000,2280.0000
1627261245663000,0,6.38366432,2280.0000
1627261245816000,0,20.61633568,2280.0000
1627261245816000,0,0.99000000,2280.0000
1627261245816000,0,1.99996432,2280.0000
1627261245883000,0,0.82797025,2279.4000
1627261246084000,0,0.00003568,2280.0000
1627261246084000,0,1.00000000,2281.0000
1627261246084000,0,0.19996431,2281.3600
1627261246194000,0,0.00003569,2281.3600
1627261246321000,1,1.67900000,2276.6600
1627261246321000,1,1.34328451,2276.6500
1627261246621000,0,0.25175762,2281.3500
1627261246624000,0,0.00000001,2281.3500
1627261247236000,0,0.01000000,2281.3400
1627261247286000,1,1.40000000,2280.2000
1627261247773000,0,0.82797025,2281.4500
1627261247773000,0,0.03107284,2282.1600
1627261247773000,0,10.00000000,2282.9400
1627261247773000,0,0.03027088,2283.0600
1627261247773000,0,5.06068603,2283.9400
1627261247993000,0,4.01000000,2283.6500
1627261250539000,1,0.21737410,2281.4300
1627261250709000,0,0.03057511,2283.1800
1627261250709000,0,0.03025010,2283.9300
1627261250709000,0,0.17000000,2284.0600
1627261250709000,0,0.82797025,2284.3300
1627261250709000,0,0.03107208,2284.5000
1627261250709000,0,0.02945503,2285.4800
1627261250709000,0,0.05000000,2285.9900
1627261250709000,0,0.20000000,2285.9900
1627261250709000,0,15.00737396,2286.0000
1627261251372000,1,0.03094523,2282.0700
1627261251372000,1,0.50000000,2281.5500
1627261251372000,1,0.06049024,2281.5500
1627261251493000,0,0.01000000,2284.8000
1627261252206000,1,0.03035139,2282.6900
1627261252584000,1,0.01000000,2283.6600
1627261252640000,0,0.02185592,2285.3900
1627261253038000,1,0.03589296,2280.8100
1627261254024000,1,0.01999999,2282.9500
1627261254137000,1,0.02000000,2282.0600
1627261254516000,1,0.03064826,2280.5200
1627261254675000,1,0.01000000,2280.2000
1627261254834000,1,0.07500000,2280.3200
1627261255009000,1,0.30000000,2278.4700
1627261255009000,1,0.75000000,2278.0200
1627261255009000,1,1.44000000,2278.0100
1627261255009000,1,0.87594318,2276.8600
1627261255009000,1,1.67900000,2275.7600
1627261255009000,1,3.81859932,2272.4300
1627261255009000,1,2.32893580,2272.4200
1627261255976000,0,0.03030171,2281.3800
1627261255984000,0,0.00000001,2281.3800
1627261256337000,0,1.40000000,2282.1300
1627261259671000,1,0.01000979,2283.8300
1627261260000000,0,2.50000000,2286.0000
1627261260000000,0,1.49262604,2286.0000
1627261260036000,0,1.18150000,2286.5900
1627261260080000,1,0.50000000,2283.9600
1627261260328000,0,0.00009000,2286.5900
1627261260328000,0,0.18200989,2287.1000
1627261260328000,0,0.31790010,2288.0000
1627261260329000,0,0.18209990,2288.0000
1627261260336000,0,1.24999999,2288.4300
1627261260339000,0,0.70778900,2288.4300
1627261260340000,0,0.54221101,2288.4300
1627261260345000,0,0.45000000,2288.4600
1627261260440000,0,0.82406000,2288.2500
1627261260515000,1,0.30000000,2284.0900
1627261260515000,1,0.58800000,2284.0900
1627261260985000,0,0.82406000,2288.4300
1627261260985000,0,0.16500000,2288.4400
1627261260985000,0,0.01094000,2289.0000
1627261261066000,1,4.63195200,2285.5700
1627261261161000,0,0.45594812,2289.0000
1627261261161000,0,0.01981004,2289.1000
1627261261161000,0,0.10000000,2289.4200
1627261261161000,0,2.18775997,2289.8000
1627261261161000,0,29.63728187,2289.8800
1627261261244000,0,1.76350000,2289.8800
1627261261340000,0,1.00000000,2288.4300
1627261261341000,0,0.28432000,2288.4300
1627261261382000,0,0.01329777,2288.4300
1627261261532000,0,0.82406000,2289.8700
1627261261532000,0,0.00003219,2289.8800
1627261261532000,0,0.17590781,2290.0000
1627261261589000,0,0.82409219,2290.0000
1627261261624000,0,0.86393936,2290.6700
1627261261624000,0,0.54371589,2290.9900
1627261261624000,0,0.61124475,2291.0000
1627261261631000,0,1.36780000,2291.0000
1627261261711000,0,0.03985525,2291.0000
1627261261802000,0,0.67456418,2288.6300
1627261262403000,0,0.03999999,2292.0500
1627261262598000,1,0.82700000,2290.1200
1627261262598000,1,0.09190609,2290.1200
1627261262817000,1,0.30000000,2290.1300
1627261262817000,1,0.36200000,2290.1300
1627261262871000,0,2.83800000,2289.7800
1627261262901000,1,1.18000000,2289.7900
1627261263311000,0,0.78406000,2292.0500
1627261263593000,0,0.00000001,2292.0500
1627261263593000,0,0.02000000,2292.1700
1627261264097000,0,0.01000000,2294.2600
1627261265149000,0,0.01999999,2295.5400
1627261265153000,0,0.01999999,2295.5400
1627261265154000,0,0.18200002,2295.5400
1627261265161000,0,0.01999999,2295.6500
1627261265163000,0,0.00000001,2295.6500
1627261265194000,0,0.03088005,2295.9500
1627261265194000,0,0.42560972,2296.3600
1627261265194000,0,0.40236053,2296.3600
1627261266314000,0,1.40000000,2297.3800
1627261266314000,0,7.80000000,2297.3900
1627261266314000,0,0.75000000,2297.3900
1627261266314000,0,0.63935283,2297.6900
1627261266314000,0,0.04000000,2297.9900
1627261266314000,0,0.02189165,2298.5500
1627261266314000,0,9.20875552,2298.8100
1627261266315000,0,0.43089488,2298.8100
1627261266315000,0,0.10000000,2299.0000
1627261266315000,0,1.00000000,2299.0000
1627261266315000,0,0.75000000,2299.0000
1627261266315000,0,0.03009299,2299.0800
1627261266315000,0,0.02185592,2299.6000
1627261266342000,1,2.50000000,2299.6900
1627261266396000,1,2.96710000,2299.6900
1627261266397000,1,0.00005621,2299.6900
1627261266484000,1,0.50000000,2297.8900
1627261266721000,1,0.01990000,2295.6500
1627261267074000,1,0.30000000,2295.5800
1627261267074000,1,2.18100000,2295.5800
1627261267074000,1,12.51900000,2295.5700
1627261267242000,1,0.50000000,2295.5800
1627261267242000,1,0.30000000,2295.5800
1627261267242000,1,1.68100000,2295.5700
1627261267242000,1,0.80000000,2295.5700
1627261267292000,1,0.07500000,2295.5400
1627261267292000,1,0.03064807,2295.0600
1627261267547000,1,1.40000000,2295.5900
1627261267559000,1,0.06464871,2294.1200
1627261267608000,1,0.45000000,2293.5700
1627261267608000,1,4.41600000,2293.5600
1627261267967000,0,1.40000000,2297.3700
1627261267967000,0,17.63200000,2297.3800
1627261268012000,0,0.01000000,2297.3700
1627261268396000,0,0.05000000,2297.3400
1627261268396000,0,0.50000000,2297.3400
1627261268396000,0,0.88144268,2297.3700
1627261268396000,0,0.00003000,2297.3800
1627261268396000,0,0.03044873,2297.5400
1627261268396000,0,0.02882778,2298.6800
1627261268396000,0,0.87673591,2299.2100
1627261268396000,0,5.00000000,2300.0000
1627261268396000,0,0.50000000,2300.0000
1627261268396000,0,1.00000000,2300.0000
1627261268396000,0,1.00000000,2300.0000
1627261268396000,0,2.00000000,2300.0000
1627261268396000,0,0.50000000,2300.0000
1627261268396000,0,0.52437056,2300.0000
1627261268400000,1,0.01950000,2296.3800
1627261268647000,1,0.19796908,2296.3800
1627261269343000,0,0.45000000,2299.2100
1627261269343000,0,6.49000000,2299.2200
1627261269434000,1,0.30000000,2296.4000
1627261269685000,1,0.30000000,2296.4200
1627261269685000,1,1.10000000,2296.4100
1627261269685000,0,0.02935931,2298.8300
1627261269689000,0,0.00000001,2298.8300
1627261269784000,0,0.02953635,2298.6900
1627261269784000,0,0.71621490,2299.2200
1627261270617000,1,0.02969612,2296.3200
1627261270617000,1,0.01968388,2296.2700
1627261270656000,0,1.76985081,2297.3700
1627261270925000,0,1.65429503,2297.3700
1627261270989000,0,0.07500000,2297.3700
1627261271011000,0,13.83285416,2297.3700
1627261271579000,0,0.11000000,2299.3300
1627261271938000,1,0.19769986,2296.3300
1627261271987000,0,15.56000000,2299.3300
1627261273039000,1,0.02889758,2296.3700
1627261273191000,0,0.02997035,2299.6300
1627261273191000,0,0.04225286,2300.0000
1627261273309000,0,0.06574455,2300.0000
1627261273434000,0,0.05781152,2299.8900
1627261273494000,0,0.19816719,2299.8900
1627261275675000,1,10.00000000,2296.4100
1627261275675000,1,15.75000000,2296.3500
1627261275675000,1,0.01000000,2296.2200
1627261275675000,1,15.99000000,2296.2200
1627261275675000,1,0.02965126,2296.1500
1627261275725000,1,0.82797024,2295.7000
1627261275725000,1,0.03051423,2295.5400
1627261275725000,1,0.03005365,2296.6900
1627261276166000,1,0.82797024,2294.7200
1627261276166000,1,0.50000000,2294.0800
1627261276166000,1,0.75000000,2294.0800
1627261276166000,1,0.33759195,2294.0700
1627261276168000,1,1.56010805,2294.0700
1627261276168000,1,0.86293266,2294.0700
1627261276169000,1,7.41277292,2294.0700
1627261276169000,1,4.81616734,2294.0700
1627261276170000,1,2.97645124,2294.0700
1627261276191000,0,0.01650569,2299.2400
1627261276484000,1,0.45000000,2294.2100
1627261276484000,1,0.43970560,2294.2000
1627261276581000,1,0.65000000,2294.2200
1627261276581000,1,0.23970560,2294.2100
1627261276583000,1,1.16029440,2294.2100
1627261276583000,1,0.78778230,2294.2000
1627261276648000,1,0.65000000,2294.2100
1627261276671000,1,4.70127492,2293.5700
1627261276672000,1,3.32118706,2293.5700
1627261276674000,1,1.42663385,2293.5700
1627261276680000,1,1.40000000,2294.2200
1627261276680000,1,2.78514450,2293.5700
1627261276717000,1,2.54699143,2293.5700
1627261276751000,1,37.30319657,2293.5700
1627261278386000,0,1.40000000,2298.1700
1627261278386000,0,5.37726052,2298.1800
1627261279072000,0,1.10000000,2298.1600
1627261279471000,1,69.13770000,2295.0900
1627261279520000,1,16.53093160,2294.1000
1627261279544000,1,11.12906840,2294.1000
1627261279544000,1,5.40186320,2293.8600
1627261279671000,1,0.01000000,2293.1100
1627261279671000,1,0.07520019,2292.9500
1627261280000000,1,0.19577928,2292.6800
1627261280065000,1,1.40000000,2292.6900
1627261280131000,0,0.03007376,2297.5700
1627261280131000,0,0.03047354,2298.0600
1627261280131000,0,0.00003948,2298.1800
1627261280668000,0,0.80682000,2295.7200
1627261281091000,0,0.11300000,2295.7200
1627261281142000,0,0.04355932,2294.5500
1627261281156000,0,1.68508350,2294.5500
1627261281890000,0,0.48019999,2297.0800
1627261281919000,0,0.00000001,2297.0800
1627261282040000,0,1.40000000,2297.2600
1627261282040000,0,0.03176948,2298.1200
1627261282040000,0,0.50000000,2299.1000
1627261282040000,0,0.75000000,2299.1000
1627261282040000,0,0.41803118,2299.1100
1627261282279000,0,0.02911669,2297.5300
1627261282279000,0,0.02975302,2297.9600
1627261282279000,0,0.02950042,2298.5400
1627261282279000,0,0.02861597,2298.6700
1627261282279000,0,1.40000000,2299.0800
1627261282279000,0,6.73668555,2299.2900
1627261282303000,0,4.36331445,2299.2900
1627261282303000,0,0.36763203,2300.0000
1627261282303000,0,1.00000000,2300.0000
1627261282303000,0,1.00000000,2300.0000
1627261282303000,0,0.03869027,2300.0000
1627261282408000,0,0.07500000,2298.9700
1627261282672000,0,0.45000000,2299.9900
1627261282672000,0,0.36807030,2300.0000
1627261282672000,0,0.16000000,2300.0000
1627261282672000,0,1.00000000,2300.0000
1627261282672000,0,2.00000000,2300.0000
1627261282672000,0,0.05000000,2300.0000
1627261282672000,0,0.15286799,2300.0000
1627261282672000,0,0.20000000,2300.0000
1627261282672000,0,1.20000000,2300.0000
1627261282672000,0,0.50000000,2300.0000
1627261282672000,0,0.50000000,2300.0000
1627261282672000,0,0.50000000,2300.0000
1627261282672000,0,1.50000000,2300.0000
1627261282672000,0,1.00000000,2300.0000
1627261282672000,0,2.00000000,2300.0000
1627261282672000,0,0.50000000,2300.0000
1627261282672000,0,4.00000000,2300.0000
1627261282672000,0,5.80000000,2300.0000
1627261282672000,0,5.00000000,2300.0000
1627261282672000,0,9.57896171,2300.0000
1627261282672000,0,0.42103829,2300.0000
1627261282672000,0,0.02915523,2300.0000
1627261283325000,0,0.41803000,2299.1000
1627261283823000,1,1.40000000,2299.5500
1627261284304000,1,1.10000000,2298.8200
1627261284435000,1,0.03112472,2299.3800
1627261284435000,1,0.26887527,2298.8200
1627261284485000,1,0.02944443,2299.9100
1627261284495000,1,0.50000000,2300.2200
1627261284495000,1,0.10000000,2300.2100
1627261284724000,1,0.07500000,2298.4200
1627261284872000,1,1.40000000,2295.2800
1627261284872000,1,0.49770000,2295.2700
1627261284875000,1,1.40000000,2295.2700
1627261285949000,1,0.03103018,2296.3200
1627261285949000,1,0.02559982,2295.6500
1627261286192000,0,7.95275578,2298.5600
1627261286193000,0,2.04724422,2298.5600
1627261286208000,0,0.75000000,2298.5500
1627261286208000,0,0.50000000,2298.5500
1627261286728000,0,1.36890000,2298.5300
1627261286733000,0,0.07500000,2298.5400
1627261287011000,0,0.03018985,2299.6200
1627261287011000,0,6.35012759,2300.5500
1627261287011000,0,6.29978256,2300.5600
1627261287460000,0,0.03021744,2300.5600
1627261287949000,0,0.86275000,2302.5300
1627261288127000,1,0.23000000,2300.6800
1627261288586000,0,1.40000000,2304.8000
1627261288615000,0,5.00000000,2305.0000
1627261289423000,0,0.01967308,2305.0400
1627261289423000,0,0.00032692,2305.1500
1627261289840000,0,0.01967308,2305.1500
1627261289840000,0,0.87530371,2306.6100
1627261289840000,0,0.02999353,2307.6200
1627261289880000,1,6.56490264,2308.0600
1627261289880000,1,0.02887969,2305.1000
1627261289880000,1,0.01658109,2305.0400
1627261289880000,1,0.03230457,2304.0600
1627261289880000,1,0.82797024,2303.7800
1627261289880000,1,0.50000000,2303.5900
1627261289880000,1,2.52936177,2303.5800
1627261290257000,0,0.19920145,2308.1600
1627261290409000,1,0.31880960,2305.6900
1627261290409000,1,0.07500000,2305.1800
1627261290743000,1,0.04247000,2304.1700
1627261291033000,0,2.77619040,2305.1600
1627261291138000,0,0.02000000,2308.2800
1627261291138000,0,0.02975686,2308.3200
1627261291138000,0,1.00000000,2309.6200
1627261291138000,0,0.70000000,2309.9900
1627261291138000,0,0.50000000,2310.0000
1627261291138000,0,2.00000000,2310.0000
1627261291138000,0,0.02178926,2311.5800
1627261291138000,0,4.00000000,2312.0000
1627261291138000,0,0.50000000,2313.1700
1627261291138000,0,2.55732347,2313.1800
1627261291149000,0,1.26127585,2313.1800
1627261291149000,0,4.42416336,2313.2000
1627261291237000,0,0.01000000,2305.1500
1627261291328000,1,5.96400000,2304.3800
1627261292544000,0,0.04750438,2305.1200
1627261292544000,0,0.86363892,2305.1300
1627261292544000,0,0.02917213,2307.0700
1627261292544000,0,0.83398457,2307.3000
1627261292585000,0,0.01000000,2307.3000
1627261292884000,1,1.40000000,2304.6500
1627261292884000,1,0.02000000,2304.6400
1627261293350000,1,1.46790000,2309.7400
1627261293431000,1,0.00007025,2309.7400
1627261293535000,1,0.03040000,2305.8800
1627261294206000,0,0.01000000,2306.1000
1627261294269000,0,1.73000000,2306.1000
1627261294473000,1,0.87159404,2305.8900
1627261294473000,1,0.75000000,2305.8900
1627261294473000,1,0.37840596,2305.8800
1627261295248000,1,0.50000000,2305.8800
1627261295248000,1,0.70000000,2305.8800
1627261295248000,1,10.00000000,2305.8700
1627261295248000,1,0.01062710,2305.1900
1627261295248000,1,0.02099470,2305.0000
1627261295248000,1,5.55386694,2304.7500
1627261295299000,0,0.02981849,2304.8400
1627261295579000,0,0.47000000,2304.8400
1627261295580000,0,0.00018151,2304.8400
1627261297241000,0,3.66960000,2306.1900
1627261297243000,0,0.00009279,2306.1900
1627261297710000,1,0.04320000,2309.9700
1627261297710000,1,0.00009061,2309.9700
1627261297899000,0,0.04320000,2309.9100
1627261297899000,0,0.15000000,2310.7300
1627261297899000,0,16.30000000,2312.8800
1627261297899000,0,0.01000000,2313.2200
1627261297899000,0,1.65680000,2313.8200
1627261298347000,0,0.01000000,2313.8100
1627261299085000,1,0.01000000,2312.6500
1627261299085000,1,0.00660000,2309.9100
1627261299438000,1,0.01006668,2309.9100
1627261299763000,1,0.02926110,2308.7800
1627261299763000,1,0.00013458,2307.9600
1627261300041000,0,0.50000000,2314.9900
1627261300041000,0,0.75000000,2314.9900
1627261300041000,0,62.76330000,2315.0000
1627261300268000,0,16.69360955,2315.0000
1627261300466000,0,16.69424506,2315.0000
1627261300469000,0,2.94149463,2315.0000
1627261300486000,0,0.90735076,2315.0000
1627261300594000,1,0.02000000,2311.1500
1627261300594000,1,0.03048577,2309.1200
1627261300594000,1,0.35797564,2307.9900
1627261300899000,0,1.34170000,2310.9200
1627261300941000,0,2.15830000,2310.9200
1627261301439000,1,0.29190472,2309.6400
1627261301727000,0,0.03111000,2314.2100
1627261301856000,0,0.50000000,2314.2100
1627261301866000,0,0.02961903,2313.0600
1627261301866000,0,1.56389000,2314.2100
1627261302054000,0,0.01000000,2315.3800
1627261302266000,1,0.09082791,2309.6800
1627261302992000,0,0.28000000,2315.5600
1627261303102000,1,0.01207051,2314.2100
1627261303591000,0,0.28000000,2315.5600
1627261303892000,0,2.00000000,2316.9000
1627261303930000,1,0.02860275,2314.2200
1627261303956000,0,1.00000000,2318.0000
1627261303956000,0,0.02178892,2318.1100
1627261303956000,0,0.02000000,2318.2300
1627261304237000,0,0.04310345,2320.0000
1627261305654000,0,1.26860613,2320.0000
1627261305654000,0,3.64541761,2320.6600
1627261305720000,0,0.02945795,2320.5600
1627261305720000,0,3.06991491,2320.6600
1627261305720000,0,0.10000000,2321.0000
1627261305720000,0,0.50000000,2321.0000
1627261305720000,0,0.08600000,2321.0000
1627261305720000,0,0.01953714,2321.0700
1627261305720000,0,1.88850000,2321.2500
1627261305720000,0,0.01000000,2321.9100
1627261305720000,0,0.03110309,2322.0200
1627261305730000,0,0.01678108,2322.9600
1627261305730000,0,0.64988036,2323.8300
1627261305730000,0,39.84587002,2323.8400
1627261306193000,0,0.01000000,2323.8400
1627261306729000,0,0.02981340,2323.0200
1627261306729000,0,0.00000001,2323.0200
1627261306967000,0,0.03077680,2323.1600
1627261306969000,0,0.00000001,2323.1600
1627261308935000,1,0.01000000,2322.6800
1627261309589000,0,0.03060402,2323.6400
1627261310327000,0,0.03028113,2323.6400
1627261310327000,0,0.03018124,2324.1600
1627261311174000,1,0.03073142,2319.1600
1627261311174000,1,1.53754407,2318.1000
1627261312085000,0,0.02000000,2319.9000
1627261312097000,0,1.16446457,2319.9000
1627261312384000,1,0.07500000,2320.0600
1627261312384000,1,0.03028987,2319.2800
1627261312384000,1,0.39471013,2318.1300
1627261312567000,1,1.40000000,2321.1700
1627261312600000,0,0.03100886,2324.2600
1627261313288000,1,0.02905860,2319.2800
1627261313288000,1,0.40497987,2318.1300
1627261313288000,1,0.32967626,2317.4900
1627261313288000,1,0.09674817,2317.3100
1627261313338000,0,1.40000000,2323.8700
1627261313338000,0,0.82797025,2323.8800
1627261313338000,0,0.02971695,2324.7500
1627261313338000,0,0.02000000,2324.8000
1627261313338000,0,0.50000000,2325.0000
1627261313338000,0,0.03034273,2325.2300
1627261313338000,0,0.02979968,2326.2800
1627261313338000,0,7.06217039,2326.8200
1627261313825000,0,0.02000000,2324.7900
1627261314156000,0,1.21353317,2324.7900
1627261314159000,0,0.16646683,2324.7900
1627261315290000,1,0.00940000,2323.3500
1627261315683000,0,0.09969413,2326.9200
1627261315683000,0,0.49999999,2326.9300
1627261315689000,0,0.00000001,2326.9300
1627261316059000,0,0.82797025,2325.5400
1627261316238000,1,1.37140000,2325.5500
1627261316238000,1,1.22839906,2320.3800
1627261316238000,1,0.50000000,2320.3800
1627261316238000,1,9.93187276,2320.3700
1627261316238000,1,7.04682818,2320.2900
1627261316353000,0,0.02772100,2327.2200
1627261316358000,1,0.82797024,2323.7300
1627261316358000,1,2.18430708,2320.4100
1627261316358000,1,5.57512268,2320.4000
1627261316506000,1,0.86836027,2323.7400
1627261316578000,1,0.50303973,2323.7400
1627261316595000,1,0.05000000,2320.3000
1627261316595000,1,0.70000000,2320.3000
1627261316595000,1,1.27637783,2320.2900
1627261316987000,1,15.00000000,2324.0300
1627261317250000,0,1.37140000,2326.3200
1627261317363000,0,0.01227900,2327.2200
1627261317363000,0,0.75000000,2328.8800
1627261317363000,0,3.81859932,2328.8800
1627261317363000,0,10.00000000,2329.0000
1627261317363000,0,0.02162275,2329.3900
1627261317363000,0,2.00000000,2330.0000
1627261317363000,0,5.00000000,2330.0000
1627261317363000,0,0.01000000,2331.9700
1627261317363000,0,3.38749893,2333.1900
1627261317878000,1,9.97458410,2326.3600
1627261317878000,1,0.72541590,2326.3300
1627261318552000,0,0.50303973,2326.0800
1627261318700000,0,0.03552084,2326.0800
1627261319606000,1,0.02920000,2325.5900
1627261319895000,1,0.00006417,2325.5900
1627261319895000,1,0.03014364,2325.5900
1627261319895000,1,0.02949219,2325.0000
1627261319912000,1,0.00103302,2325.0000
1627261319912000,1,0.82797024,2324.4300
1627261319912000,1,3.81859932,2323.5100
1627261319912000,1,3.36318463,2323.5000
1627261319912000,1,21.95900992,2323.4800
1627261320062000,0,0.50000000,2331.8400
1627261320395000,1,0.50000000,2326.1000
1627261320693000,1,4.00000000,2323.8900
1627261321157000,0,0.01000000,2330.1900
1627261324350000,0,0.24000000,2330.2600
1627261324350000,0,0.03028391,2330.3800
1627261324350000,0,0.02861828,2330.9700
1627261324350000,0,0.82797025,2331.5400
1627261324457000,1,0.07500000,2331.5400
1627261324678000,1,0.19812756,2331.5400
1627261324690000,1,0.82797024,2329.8800
1627261324690000,1,0.02948313,2329.8700
1627261324795000,1,0.01000000,2329.0200
1627261324795000,1,0.05573000,2324.6300
1627261325012000,1,0.05573000,2324.6100
1627261325787000,1,0.01927000,2324.6100
1627261325862000,0,0.07500000,2324.3200
1627261325923000,0,13.82320000,2324.3200
1627261325926000,0,0.06573000,2324.3200
1627261325960000,0,1.01680000,2324.3200
1627261326264000,0,0.09381410,2323.3400
1627261326610000,0,0.02969060,2328.7200
1627261326610000,0,0.21030940,2328.7700
1627261326680000,0,0.03028000,2328.6100
1627261326780000,1,0.02955038,2323.3900
1627261326780000,1,0.02869854,2323.3400
1627261326780000,1,0.44175108,2322.5700
1627261328096000,1,1.44000000,2321.6200
1627261328606000,0,10.00000000,2325.7900
1627261328606000,0,0.03009396,2325.9000
1627261328606000,0,9.44693492,2326.4400
1627261328606000,0,9.99145423,2326.4500
1627261328613000,0,0.07718657,2326.4500
1627261328613000,0,0.75078368,2326.4900
1627261328790000,0,0.02926099,2326.6000
1627261328790000,0,0.52842901,2327.1600
1627261328841000,1,0.05000000,2324.7900
1627261328938000,0,0.50000000,2327.0400
1627261328938000,0,0.75000000,2327.0400
1627261328938000,0,8.75000000,2327.0500
1627261328938000,0,0.82797025,2327.0500
1627261328938000,0,0.42202975,2327.0500
1627261328958000,0,0.50000000,2327.0400
1627261328958000,0,0.70000000,2329.3300
1627261328987000,0,0.75000000,2327.0500
1627261329700000,0,0.25000000,2326.5900
1627261329700000,0,10.00000000,2329.2100
1627261329700000,0,1.20000000,2329.3200
1627261329700000,0,3.81859932,2333.4200
1627261329700000,0,9.20123331,2333.4300
1627261329700000,0,10.00000000,2333.4400
1627261329700000,0,1.25512000,2333.5700
1627261329700000,0,0.02000000,2334.8800
1627261329700000,0,2.50000000,2335.0000
1627261329700000,0,1.00000000,2336.3600
1627261329700000,0,0.04000000,2336.6700
1627261329700000,0,0.01940206,2337.2300
1627261329700000,0,0.21130201,2337.2500
1627261329700000,0,24.37483723,2337.4800
1627261330307000,0,3.60000000,2326.4400
1627261330307000,0,0.02900701,2327.6200
1627261330878000,0,0.01000000,2328.8700
1627261331423000,1,0.02936610,2325.0900
1627261331423000,1,1.40000000,2324.5900
1627261331423000,1,0.70000000,2324.5900
1627261331423000,1,0.05070782,2324.5800
1627261331426000,1,0.64929218,2324.5800
1627261331426000,1,0.03007393,2324.5700
1627261331426000,1,0.70000000,2324.5700
1627261331432000,1,0.75000000,2324.5800
1627261332322000,1,0.01000000,2327.7100
1627261332627000,0,0.02953000,2327.2100
1627261333229000,1,0.02000000,2326.0800
1627261333580000,1,0.01697816,2327.0800
1627261334885000,1,0.02985576,2326.4600
1627261334885000,1,0.75000000,2325.6100
1627261334885000,1,0.22014424,2325.6100
1627261335204000,1,0.04312700,2325.4100
1627261335204000,1,0.04000000,2322.9800
1627261335204000,1,0.31907906,2322.8600
1627261335204000,1,3.81859932,2322.2000
1627261335204000,1,0.55000000,2322.2000
1627261335204000,1,0.50000000,2322.1200
1627261335204000,1,11.12030973,2322.1100
1627261335397000,0,1.38300000,2329.4400
1627261335397000,0,0.07200000,2329.5800
1627261335397000,1,1.04500000,2329.7200
1627261335459000,0,0.03102000,2329.2300
1627261337644000,1,0.30000000,2326.5500
1627261337644000,1,0.02928652,2326.5400
1627261337644000,1,0.95935722,2326.5400
1627261337705000,1,9.04064278,2326.5400
1627261337705000,1,0.30000000,2326.5400
1627261337708000,1,0.03104213,2326.4300
1627261337925000,0,0.73200000,2330.5200
1627261338414000,1,0.18163999,2326.5500
1627261338440000,1,0.00000001,2326.5500
1627261338644000,1,1.40000000,2324.8700
1627261338644000,1,0.01509799,2324.8600
1627261338648000,1,0.00000001,2324.8600
1627261338789000,1,1.40000000,2323.3700
1627261338789000,1,3.31163411,2323.3600
1627261338793000,1,1.90526642,2323.3600
1627261338808000,1,0.09747369,2323.3600
1627261338977000,1,2.25990380,2324.2900
1627261338977000,1,0.02900000,2323.2500
1627261339947000,0,17.02053357,2325.6100
1627261339951000,0,2.97946643,2325.6100
1627261339962000,0,1.20888807,2325.6000
1627261339965000,0,0.19111193,2325.6000
1627261341174000,0,1.40000000,2329.2700
1627261341996000,0,0.03031000,2329.4500
1627261342122000,0,0.00000695,2329.4500
1627261342122000,0,0.23999305,2329.4900
1627261342186000,0,0.00000695,2329.4900
1627261342186000,0,0.82796305,2329.5000
1627261343881000,1,4.00000000,2325.7200
1627261344174000,0,0.03056497,2330.6900
1627261344608000,0,0.37383000,2330.6800
1627261345042000,0,0.37383000,2330.6700
1627261348358000,0,0.73464000,2330.5900
1627261348384000,0,0.00000684,2330.5900
1627261349917000,1,0.02897098,2326.6300
1627261349917000,1,0.02891763,2326.5200
1627261349917000,1,0.82411139,2325.4800
1627261350066000,0,0.82797025,2333.2700
1627261350066000,0,0.03072314,2333.4600
1627261350067000,0,0.00000001,2333.4600
1627261350074000,0,0.03112774,2332.1100
1627261350074000,0,0.75000000,2333.2600
1627261353132000,0,0.02903361,2333.1100
1627261353245000,0,0.50000000,2334.2500
1627261353573000,0,2.15000000,2334.2600
1627261355643000,1,0.01200000,2330.1000
1627261356265000,0,0.03049881,2332.5200
1627261356265000,0,0.00032119,2332.5300
1627261357980000,1,10.00000000,2332.4500
1627261357980000,1,0.82797023,2332.3400
1627261358053000,0,0.34651000,2336.1700
1627261358161000,0,0.02323658,2332.3500
1627261358273000,1,0.58727598,2330.5700
1627261358326000,0,0.02960000,2335.4900
1627261359290000,1,0.02952334,2332.0000
1627261359290000,1,0.03136713,2331.4100
1627261359290000,1,2.63910953,2330.8300
1627261359344000,0,0.02925000,2335.2900
1627261359615000,0,0.02962000,2336.3400
1627261360061000,0,0.75000000,2336.2200
1627261360061000,0,0.50000000,2336.2200
1627261360061000,0,7.31306100,2336.2300
1627261360267000,1,0.00860683,2332.1500
1627261360272000,1,0.01411889,2332.1500
1627261360952000,0,0.00000097,2336.3400
1627261360952000,0,0.55000000,2338.2600
1627261360952000,0,0.25000000,2338.2600
1627261360952000,0,0.29492903,2338.2600
1627261361250000,0,0.20445000,2338.3500
1627261361309000,0,0.03061564,2337.1900
1627261361309000,0,0.02980889,2337.7800
1627261361579000,1,0.02910000,2333.7500
1627261361614000,0,0.02887445,2337.1900
1627261361614000,0,0.03206337,2337.7900
1627261361614000,0,5.23906218,2338.2300
1627261362609000,0,0.02992116,2336.9200
1627261362665000,1,4.06350000,2336.3300
1627261362703000,1,0.00007538,2336.3300
1627261363325000,0,0.00000168,2338.3500
1627261363936000,0,0.09646000,2338.5000
1627261363936000,0,0.25929930,2339.1000
1627261363936000,0,0.01400000,2339.4000
1627261363960000,0,1.00000000,2340.0000
1627261363960000,0,0.50000000,2340.0000
1627261364659000,0,0.82406000,2340.4300
1627261364659000,0,1.00000000,2340.5800
1627261365624000,1,0.75000000,2335.2300
1627261365624000,1,0.50000000,2335.2300
1627261365696000,0,9.92987986,2340.0900
1627261365696000,0,9.97012014,2340.1000
1627261365758000,0,5.34000000,2333.0400
1627261365799000,0,0.07500000,2332.0200
1627261365820000,0,0.02000000,2332.0200
1627261365825000,0,0.02940559,2332.0200
1627261365826000,0,0.25000000,2332.0200
1627261365843000,0,3.12559441,2332.0200
1627261365848000,1,0.09196680,2334.4400
1627261366680000,1,0.47623094,2335.0500
1627261367508000,1,0.12032864,2332.8200
1627261367778000,0,0.02970841,2338.4000
1627261367778000,0,0.02893983,2338.4100
1627261367778000,0,0.03087355,2339.0000
1627261367778000,0,0.03291121,2339.4100
1627261368348000,1,0.02964322,2336.1300
1627261368348000,1,0.06878827,2335.1900
1627261368540000,1,0.20000000,2334.6300
1627261368540000,1,0.45000000,2334.6300
1627261368981000,1,0.03045380,2334.9400
1627261369181000,1,2.23099371,2331.3500
1627261369407000,0,0.07706027,2331.3600
1627261369566000,1,4.25745337,2334.0400
1627261369626000,1,5.74254663,2334.0400
1627261370020000,1,0.99500000,2332.6300
1627261370848000,1,0.00991194,2334.7400
1627261371458000,0,0.19918000,2336.6800
1627261371519000,0,0.00000112,2336.6800
1627261371650000,0,0.20445000,2338.3700
1627261371680000,1,0.05502081,2334.2300
1627261371710000,0,0.00000168,2338.3700
1627261371710000,0,0.02983832,2338.6200
1627261372026000,0,4.01166000,2339.8000
1627261372086000,0,0.75000000,2339.7900
1627261372086000,0,4.84756000,2339.8000
1627261372515000,1,0.07180026,2334.2400
1627261373245000,1,1.40000000,2335.2800
1627261373352000,0,0.63725000,2335.0500
1627261373362000,0,0.00000384,2335.0500
1627261373983000,0,0.02989942,2338.7800
1627261373986000,0,1.08510058,2338.7800
1627261374772000,1,0.02904616,2336.1400
1627261374773000,1,0.00000001,2336.1400
1627261374956000,1,0.03207844,2335.5300
1627261374970000,1,0.00000001,2335.5300
1627261374970000,1,0.74890283,2334.9800
1627261375049000,1,0.02767842,2334.1100
1627261375049000,1,1.40000000,2333.1900
1627261375049000,1,0.70000000,2333.1800
1627261375049000,1,5.39585786,2333.1700
1627261375840000,0,1.40000000,2338.5800
1627261376374000,0,0.24000000,2339.7900
1627261376810000,0,0.20445000,2341.2100
1627261377039000,1,0.03050358,2335.7400
1627261377039000,1,0.03026465,2335.4600
1627261377039000,1,0.73623177,2334.5900
1627261377474000,0,0.02898000,2336.7900
1627261377541000,0,0.00000209,2336.7900
1627261377541000,0,0.03112791,2340.0400
1627261377671000,0,0.00000289,2340.0400
1627261377671000,0,0.02909711,2340.6600
1627261379847000,0,9.14194775,2339.8100
1627261379847000,0,10.00000000,2339.8200
1627261379847000,0,0.02999951,2340.0400
1627261379847000,0,0.03012960,2340.5700
1627261379847000,0,0.00000168,2341.2100
1627261379847000,0,0.02000000,2341.2500
1627261379847000,0,0.04000000,2342.3100
1627261379847000,0,0.02149976,2342.7100
1627261379847000,0,0.08000000,2343.6800
1627261379847000,0,0.04000000,2343.6900
1627261379847000,0,0.02146748,2343.7700
1627261379847000,0,0.27495422,2344.0000
1627261379858000,1,0.02000000,2334.0000
1627261380247000,1,2.99999999,2333.8200
1627261380248000,1,0.00000001,2333.8200
1627261380248000,1,13.95000000,2333.6200
1627261380355000,0,0.01054082,2335.1500
1627261380425000,0,0.01000000,2339.5200
1627261380936000,1,0.01000000,2338.3500
1627261381024000,1,0.03088740,2336.2800
1627261381024000,1,0.02939265,2335.7900
1627261381120000,1,0.03042607,2335.5000
1627261381123000,1,7.85903311,2335.5000
1627261381123000,1,0.03042608,2334.7300
1627261381284000,0,0.01223083,2335.1500
1627261381345000,1,0.00776917,2336.7100
1627261384898000,1,0.03005793,2335.1400
1627261384898000,1,0.00053207,2334.9600
1627261384979000,1,0.00946793,2334.9600
1627261384979000,1,0.01942207,2334.2900
1627261386471000,1,0.04000000,2333.1300
1627261387634000,1,0.01932334,2333.1300
1627261387809000,1,0.45191485,2333.1300
1627261387812000,1,0.00000001,2333.1300
1627261387812000,1,0.02991264,2332.8000
1627261388263000,1,0.07495096,2331.0400
1627261389956000,1,0.31796100,2329.7500
1627261390143000,0,0.03049888,2334.7100
1627261390143000,0,0.03024739,2334.7200
1627261390143000,0,0.73283373,2335.8200
1627261390310000,0,0.40000000,2334.6000
1627261390469000,0,0.79378000,2334.5900
1627261390614000,1,0.20297760,2329.7600
1627261391438000,0,0.00935528,2330.4600
1627261392024000,1,0.07500000,2328.3200
1627261392024000,1,10.08259249,2328.2100
1627261392024000,1,9.49780263,2328.2000
1627261392243000,1,2.15570000,2328.5100
1627261392252000,1,0.00003336,2328.5100
1627261392271000,1,4.01500000,2328.3600
1627261392300000,1,0.00004210,2328.3600
1627261392300000,1,1.43995790,2328.3500
1627261392347000,1,0.00004210,2328.3500
1627261392457000,1,2.57130000,2328.1700
1627261392529000,1,4.62870000,2328.1700
1627261392633000,1,0.08999999,2327.2300
1627261392680000,1,0.10440000,2327.2400
1627261392680000,1,0.00000001,2327.2300
1627261393293000,0,1.31625000,2328.2400
1627261393722000,0,0.31800000,2328.1600
1627261393722000,0,4.36522200,2328.2400
1627261393722000,0,0.79559000,2328.2400
1627261394553000,0,0.04507804,2323.3600
1627261395102000,1,0.05300000,2323.1600
1627261395102000,1,0.79796000,2323.1500
1627261395102000,1,1.15300496,2321.9600
1627261395102000,1,2.03751555,2321.7100
1627261396173000,1,0.11000000,2319.6800
1627261396173000,1,0.09297760,2318.9700
1627261396247000,0,0.02969304,2325.2900
1627261396247000,0,0.02922116,2325.9000
1627261396247000,0,0.04769880,2325.9600
1627261396890000,1,0.03054305,2322.8900
1627261396890000,1,0.35641225,2319.0600
1627261397334000,1,0.17350517,2322.9000
1627261397334000,1,0.03098849,2320.2100
1627261397334000,1,0.39298103,2319.0600
1627261397467000,0,0.05798100,2325.4800
1627261399008000,0,0.75000000,2324.7900
1627261399008000,0,0.31323300,2324.7900
1627261399073000,0,0.82700000,2324.7900
1627261399471000,1,0.70000000,2319.3400
1627261399471000,1,1.55204928,2319.3200
1627261399471000,1,0.86145937,2319.3200
1627261399471000,1,0.00000001,2319.3200
1627261399879000,0,0.02971327,2323.5100
1627261399879000,0,0.50000000,2324.0100
1627261399879000,0,0.75000000,2324.0100
1627261399879000,0,8.72028673,2324.0200
1627261400229000,1,0.75000000,2319.3400
1627261400229000,1,2.39190870,2319.3300
1627261400229000,1,0.13580000,2319.3200
1627261400410000,0,0.02907211,2323.3000
1627261400410000,0,1.40000000,2323.5300
1627261400410000,0,10.00000000,2323.5400
1627261400410000,0,9.37143151,2323.6400
1627261400410000,0,9.20780686,2323.6400
1627261400410000,0,0.99168952,2323.6700
1627261400662000,0,0.02960000,2323.7100
1627261401564000,1,0.02979926,2320.3600
1627261401564000,1,0.13580000,2319.3600
1627261401564000,1,0.03041274,2319.3200
1627261401628000,0,10.00000000,2323.0000
1627261401628000,0,9.27061853,2323.1000
1627261401628000,0,0.00138787,2323.7100
1627261401628000,0,0.02876322,2323.7200
1627261401628000,0,16.25000000,2324.4500
1627261402042000,0,10.00000000,2322.5700
1627261402042000,0,0.82797025,2322.6800
1627261402042000,0,0.75000000,2322.7400
1627261402042000,0,0.10000000,2322.7500
1627261402042000,0,8.32202975,2322.7600
1627261402295000,1,0.10400746,2316.9300
1627261402295000,1,1.29599254,2316.9200
1627261402302000,1,0.10400746,2316.9200
1627261402302000,1,0.17957321,2316.9200
1627261402302000,1,0.01703468,2316.9100
1627261402302000,1,0.01373041,2316.9100
1627261402302000,1,0.02273296,2316.9000
1627261402302000,1,1.76002128,2315.9800
1627261402350000,1,0.75000000,2315.9900
1627261402350000,1,1.49400000,2315.8200
1627261402425000,1,1.40000000,2316.9300
1627261402425000,1,0.75000000,2315.8300
1627261402425000,1,1.84810000,2315.8200
1627261402430000,1,1.58130000,2315.8200
1627261402808000,1,0.03072630,2316.0400
1627261402808000,1,0.32452432,2315.9200
1627261402866000,0,0.17900000,2319.3300
1627261403148000,1,1.40000000,2315.9300
1627261403148000,1,0.66445835,2315.9200
1627261403852000,1,1.37730000,2315.9400
1627261403852000,1,0.21382498,2315.9400
1627261404167000,1,0.10180000,2315.9400
1627261404167000,1,1.37370000,2315.9400
1627261404168000,1,0.00004800,2315.9400
1627261404590000,1,1.13260000,2315.8200
1627261404590000,1,0.00008600,2315.8200
1627261404885000,1,0.19000000,2315.8100
1627261405510000,0,0.02954418,2317.2200
1627261405510000,0,0.01930629,2317.2300
1627261405688000,0,4.19000000,2317.0700
1627261405921000,1,0.33477892,2313.6500
1627261405921000,1,0.16522108,2313.6500
1627261405921000,1,0.16955784,2313.5300
1627261405927000,1,0.16522109,2313.5300
1627261406170000,1,0.82797023,2312.7900
1627261406171000,1,0.00000001,2312.7900
1627261406171000,1,0.02972881,2312.6800
1627261406281000,1,0.23000000,2310.6500
1627261407956000,0,1.40000000,2314.6300
1627261407956000,0,0.02919118,2314.6700
1627261408631000,0,0.26764951,2312.3200
1627261408725000,1,0.45000000,2315.5100
1627261408923000,1,0.33442900,2310.8900
1627261409926000,1,0.03094921,2311.4700
1627261409926000,1,0.08857860,2310.9000
1627261409926000,1,0.02996853,2310.6500
1627261410341000,1,0.22000000,2311.1200
1627261410401000,1,0.31187000,2311.1200
1627261410480000,1,0.10477000,2311.1200
1627261410561000,1,2.21000000,2311.1200
1627261410788000,1,1.31447000,2311.1200
1627261410897000,1,0.17957000,2311.1200
1627261411005000,1,0.85000000,2311.1200
1627261411061000,1,0.75000000,2311.1200
1627261411108000,1,0.20000000,2311.1200
1627261411155000,1,3.85932000,2311.1200
1627261411480000,0,1.22099999,2313.3900
1627261411490000,0,0.00000001,2313.3900
1627261411556000,0,0.03007337,2314.2300
1627261411603000,0,0.00000001,2314.2300
1627261411930000,0,0.03007337,2314.1200
1627261412016000,0,0.03003795,2314.4200
1627261412789000,1,1.40142642,2310.8400
1627261413299000,1,0.03028000,2310.6900
1627261413750000,1,1.50000000,2312.2200
1627261413764000,1,4.50000000,2312.2200
1627261414116000,1,1.50000000,2310.8200
1627261414182000,1,8.50000000,2310.8200
1627261414641000,1,0.03048435,2310.9500
1627261414751000,1,1.15000000,2310.6900
1627261415224000,1,3.14110000,2310.6900
1627261415225000,1,0.00006413,2310.6900
1627261415650000,1,2.79616000,2310.6900
1627261415804000,1,0.00000413,2310.6900
1627261415804000,1,0.03068587,2308.2700
1627261416095000,0,0.50000000,2312.1300
1627261416095000,0,0.75000000,2312.1300
1627261416095000,0,10.00000000,2312.1400
1627261416095000,0,0.02894056,2312.1500
1627261416095000,0,0.00911412,2313.3000
1627261416236000,1,0.03000000,2309.8600
1627261416939000,1,0.03056571,2307.6100
1627261416939000,1,0.50000000,2306.7300
1627261416939000,1,9.46943429,2306.7200
1627261417088000,1,0.14500000,2305.4600
1627261417088000,1,0.09500000,2305.3200
1627261417743000,1,0.02989899,2303.8100
1627261417743000,1,0.09593767,2302.8200
1627261417850000,1,0.20370233,2305.0100
1627261417913000,0,2.40000000,2304.9500
1627261419160000,1,7.83090816,2305.5100
1627261419788000,1,0.04630000,2305.3900
1627261420199000,1,0.00000078,2305.3900
1627261420224000,1,0.84447239,2303.0500
1627261420224000,1,10.00000000,2300.7000
1627261420224000,1,0.24000000,2300.6100
1627261420224000,1,5.56039477,2299.0200
1627261420422000,0,0.03280227,2301.2600
1627261420579000,1,0.24000000,2303.2900
1627261420949000,1,1.20000000,2303.2900
1627261420949000,1,0.82972352,2299.1500
1627261421548000,0,0.03059712,2306.6700
1627261422845000,0,1.08406074,2303.6000
1627261422901000,1,0.03060000,2299.7100
1627261422942000,0,0.82797025,2304.3400
1627261422959000,1,0.03120000,2299.6000
1627261423354000,1,0.82797024,2303.3000
1627261423429000,1,2.70334000,2299.8300
1627261423497000,0,0.74999999,2303.1300
1627261423497000,0,0.74999999,2303.1300
1627261423498000,0,0.74999999,2303.1300
1627261423500000,0,0.12409678,2303.1300
1627261423521000,0,0.74999999,2303.1300
1627261423526000,0,0.74999999,2303.1300
1627261423571000,0,0.74999999,2303.1300
1627261423571000,0,0.27002376,2303.1300
1627261423649000,1,6.89350000,2299.9600
1627261423697000,1,0.34136000,2299.9600
1627261425989000,0,0.03113596,2305.1600
1627261426762000,0,0.00000001,2306.6700
1627261429398000,1,0.01987171,2298.2800
1627261429461000,1,0.27030000,2301.8800
1627261430241000,1,0.01940206,2298.1700
1627261430241000,1,0.02910541,2297.5700
1627261430241000,1,0.03065000,2296.5300
1627261430241000,1,0.24000000,2295.5300
1627261430241000,1,0.41000000,2294.2200
1627261430241000,1,10.33683680,2293.9200
1627261430970000,1,0.38015799,2295.7600
1627261431300000,1,1.44000000,2298.3300
1627261431543000,0,0.13721724,2298.1800
1627261433844000,1,0.80741999,2295.9300
1627261433845000,1,0.00000001,2295.9300
1627261434097000,1,2.40000000,2300.0500
1627261434100000,1,3.60000000,2300.0500
1627261434423000,1,0.05600000,2296.5000
1627261434588000,0,0.02952919,2297.6700
1627261434617000,0,0.02952919,2297.6600
1627261434619000,0,0.00012594,2297.6600
1627261434619000,0,0.00000001,2297.6700
1627261434844000,0,0.02996549,2298.2400
1627261434844000,0,0.02996549,2298.2400
1627261434846000,0,0.02996549,2298.2400
