timestamp ms,type,amount,price
1623025244752000,1,8355.31843000,0.9999
1623027064666000,1,3058.44000000,0.9999
1623030402833000,0,2017.31999000,1.0000
1623030680265000,0,293.97239000,1.0000
1623031229056000,0,7514.66000000,1.0000
1623033868145000,0,1459.74000000,1.0000
1623036391607000,0,2181.96278000,1.0000
1623037335511000,0,1140.48138000,1.0000
1623037349977000,0,1140.01548000,1.0000
1623040408637000,0,2798.54893000,1.0000
1623040416361000,0,2030.64781000,1.0000
1623041102847000,0,350.16647000,1.0000
1623042892750000,0,871.75578000,1.0000
1623042965369000,0,297.10849000,1.0000
1623042983383000,0,61.43232000,1.0000
1623043303828000,0,220.14002000,1.0000
1623043517128000,0,1591.56000000,1.0000
1623043901267000,0,1529.56310000,1.0000
1623043905896000,0,1529.56310000,1.0000
1623043909674000,0,388.57281000,1.0000
1623043913171000,0,79.34843000,1.0000
1623044138434000,0,912.62135000,1.0000
1623045011754000,1,70.00000000,0.9998
1623046643521000,0,2000.00000000,1.0000
1623047677917000,1,500.00000000,0.9998
1623052271494000,0,591.08944000,1.0000
1623052271494000,0,20000.00000000,1.0000
1623052271494000,0,144.33883000,1.0001
1623054338802000,0,19.99280000,1.0001
1623054363572000,1,33.68217000,0.9999
1623054896855000,0,427.23936000,1.0001
1623055297854000,0,4284.74135000,1.0001
1623055297854000,0,63769.74727000,1.0001
1623055297854000,0,97483.76247000,1.0001
1623055297854000,0,34318.94424000,1.0002
1623055297854000,0,2834.21167000,1.0002
1623055297854000,0,16663.78104000,1.0002
1623055297854000,0,97968.65032000,1.0002
1623055297854000,0,150169.50214000,1.0003
1623055297854000,0,113507.17743000,1.0003
1623055297854000,0,148307.74682000,1.0003
1623055297854000,0,88374.22541000,1.0003
1623055297854000,0,2000.00000000,1.0005
1623055297854000,0,47.49050000,1.0005
1623055297854000,0,443.70870000,1.0005
1623055297854000,0,1214.58051000,1.0010
1623055297854000,0,3036.45127000,1.0010
1623055297854000,0,7894.77331000,1.0010
1623055297854000,0,10000.00000000,1.0010
1623055297854000,0,412.93210000,1.0011
1623055297854000,0,489.38493000,1.0011
1623055297854000,0,492.99130000,1.0012
1623055297854000,0,2088.52462000,1.0013
1623055297854000,0,2809.25933000,1.0013
1623055297854000,0,1468.22127000,1.0013
1623055297854000,0,1462.18311000,1.0013
1623055297854000,0,400.97566000,1.0013
1623055297854000,0,1478.73484000,1.0013
1623055297854000,0,0.00005000,1.0013
1623055297854000,0,499.90920000,1.0013
1623055297854000,0,499.99999000,1.0014
1623055297854000,0,1818.17998000,1.0014
1623055297854000,0,0.00002000,1.0014
1623055297854000,0,499.89322000,1.0015
1623055297854000,0,497.89322000,1.0016
1623055297854000,0,2000.00000000,1.0022
1623055297854000,0,2000.00000000,1.0025
1623055297854000,0,23839.95158000,1.0030
1623055297854000,0,9878.60207000,1.0030
1623055297854000,0,6500.00000000,1.0033
1623055297854000,0,3049.63359000,1.0035
1623055297854000,0,152.00000000,1.0035
1623055297854000,0,5256.57736000,1.0036
1623055297854000,0,7585.11598000,1.0037
1623055297854000,0,4551.07021000,1.0037
1623055297854000,0,725.00000000,1.0037
1623055297854000,0,80688.07861000,1.0037
1623055297854000,0,12562.15688000,1.0038
1623055297854000,0,5256.57735000,1.0039
1623055297854000,0,80688.07861000,1.0040
1623055297854000,0,9018.96176000,1.0040
1623055297854000,0,12843.23532000,1.0040
1623055297854000,0,2437.00000000,1.0043
1623055297854000,0,2000.00000000,1.0050
1623055297854000,0,24050.56472000,1.0050
1623055297854000,0,1835.94257000,1.0058
1623055297854000,0,16260.76118000,1.0060
1623055297854000,0,6012.64118000,1.0060
1623055297854000,0,17723.76873000,1.0070
1623055297854000,0,35447.53746000,1.0080
1623055297854000,0,1000.00000000,1.0090
1623055297854000,0,36965.02498000,1.0090
1623055297854000,0,14731.76411000,1.0092
1623055297854000,0,506.00000000,1.0094
1623055297854000,0,65.00000000,1.0094
1623055297854000,0,4998.13923000,1.0096
1623055297854000,0,5000.00000000,1.0097
1623055297854000,0,2000.00000000,1.0097
1623055297854000,0,402732.06877000,1.0100
1623055297854000,0,37321.60549000,1.0100
1623055297854000,0,47675.72759000,1.0101
1623055297854000,0,9699.08934000,1.0120
1623055353053000,0,2437.00000000,1.0005
1623055357617000,0,33.68217000,1.0005
1623055357617000,0,2403.31783000,1.0005
1623055362705000,0,2437.00000000,1.0005
1623055362968000,1,728.67366000,1.0005
1623055362987000,1,1708.32634000,1.0005
1623056486597000,0,487.17179000,1.0005
1623056861589000,1,728.87036000,1.0002
1623056891967000,1,590.21236000,1.0002
1623057284426000,0,728.87036000,1.0002
1623057284426000,0,7613.92950000,1.0003
1623057284426000,0,33899.88984000,1.0003
1623057385659000,1,5000.00000000,1.0002
1623057385659000,1,5000.00000000,1.0002
1623057385659000,1,9000.00000000,1.0002
1623057385659000,1,2832.90248000,1.0002
1623057385659000,1,5000.00000000,1.0001
1623057385659000,1,5000.00000000,1.0001
1623057385659000,1,725.00000000,1.0000
1623057385659000,1,9684.78722000,0.9999
1623058283177000,1,2486.88800000,1.0000
1623058740071000,1,5000.00000000,1.0000
1623058740071000,1,2513.11200000,1.0000
1623058740071000,1,5000.00000000,1.0000
1623058740071000,1,3247.14034000,0.9999
1623058740071000,1,38815.21278000,0.9999
1623058740619000,0,5000.00000000,0.9999
1623058741331000,0,5000.00000000,0.9999
1623058764236000,1,497.89322000,0.9998
1623058764236000,1,356.12714000,0.9998
1623058764236000,1,47500.00000000,0.9998
1623058764236000,1,725.00000000,0.9998
1623058764236000,1,2004.43089000,0.9998
1623058764236000,1,400.97566000,0.9998
1623058764236000,1,499.89322000,0.9997
1623058764236000,1,499.99999000,0.9997
1623058764379000,0,927.77653000,0.9997
1623058764475000,0,5000.00000000,0.9997
1623058764480000,0,5000.00000000,0.9997
1623058792346000,1,49000.00000000,0.9999
1623058792618000,0,5000.00000000,0.9999
1623058792623000,0,5000.00000000,0.9999
1623058808545000,1,114.36152000,0.9997
1623058808545000,1,51300.54016000,0.9997
1623058808711000,0,1887.92244000,0.9997
1623058808798000,0,5000.00000000,0.9997
1623058808799000,0,5000.00000000,0.9997
1623058931986000,1,2009.63337000,0.9997
1623058931986000,1,489.38493000,0.9996
1623058931986000,1,499.90920000,0.9996
1623058931986000,1,412.93210000,0.9996
1623058931986000,1,492.99130000,0.9996
1623058931986000,1,23839.95158000,0.9996
1623058931986000,1,1000.00000000,0.9996
1623058931986000,1,2000.81032000,0.9996
1623058931986000,1,786.51213000,0.9995
1623058931986000,1,1140.00000000,0.9995
1623058931986000,1,1140.03904000,0.9995
1623058931986000,1,1982.97796000,0.9995
1623058931986000,1,402732.06877000,0.9995
1623058931986000,1,1261.25278000,0.9995
1623058931986000,1,4684.67549000,0.9995
1623058931986000,1,4704.50520000,0.9995
1623058931986000,1,4603.13396000,0.9995
1623058931986000,1,3551.57026000,0.9995
1623058931986000,1,599.01351000,0.9995
1623058931986000,1,599.22361000,0.9995
1623058931986000,1,599.24362000,0.9995
1623058931986000,1,599.50375000,0.9995
1623058931986000,1,599.33367000,0.9995
1623058931986000,1,598.95348000,0.9995
1623058931986000,1,2004.41216000,0.9995
1623058931986000,1,1218611.16739000,0.9995
1623058931986000,1,856.51969000,0.9995
1623058931986000,1,6094.38719000,0.9995
1623058931986000,1,10000.00000000,0.9995
1623058932188000,0,9999.99999000,0.9995
1623058932263000,0,10000.00000000,0.9995
1623058932517000,0,12906.50931000,0.9995
1623058932663000,0,5000.00000000,0.9995
1623058932675000,0,5000.00000000,0.9995
1623058932746000,0,9999.99999000,0.9995
1623058932750000,0,1999.99998000,0.9995
1623058933215000,0,3231.64598000,0.9995
1623058933336000,0,9999.99999000,0.9995
1623058933675000,0,10000.00000000,0.9995
1623058933947000,0,9999.99999000,0.9995
1623058934549000,0,9999.99999000,0.9995
1623058935148000,0,9999.99999000,0.9995
1623058935680000,0,10000.00000000,0.9995
1623058935746000,0,9999.99999000,0.9995
1623058936345000,0,9999.99999000,0.9995
1623058936891000,0,9999.99999000,0.9995
1623058937396000,0,9999.99999000,0.9995
1623058937676000,0,10000.00000000,0.9995
1623058937989000,0,9999.99999000,0.9995
1623058938514000,0,9999.99999000,0.9995
1623058939114000,0,9999.99999000,0.9995
1623058939676000,0,10000.00000000,0.9995
1623058939724000,0,9999.99999000,0.9995
1623058940226000,0,9999.99999000,0.9995
1623058940769000,0,9999.99999000,0.9995
1623058941331000,0,9999.99999000,0.9995
1623058941672000,0,10000.00000000,0.9995
1623058941966000,0,9999.99999000,0.9995
1623058942562000,0,9999.99999000,0.9995
1623058943165000,0,9999.99999000,0.9995
1623058943671000,0,10000.00000000,0.9995
1623058943769000,0,9999.99999000,0.9995
1623058944346000,0,9999.99999000,0.9995
1623058944966000,0,9999.99999000,0.9995
1623059178564000,1,2019.51956000,0.9995
1623059178564000,1,467.37024000,0.9995
1623059323568000,0,114.36152000,0.9999
1623059350727000,0,9000.00000000,0.9999
1623059361019000,0,72937.82378000,0.9999
1623059370385000,0,72937.82378000,0.9999
1623059382387000,0,4566.22306000,0.9999
1623059382387000,0,35059.07947000,0.9999
1623061360492000,1,474.71514000,0.9997
1623061574785000,0,440.19193000,0.9999
1623063171973000,0,199681.98345000,0.9999
1623063171973000,0,2832.91034000,1.0000
1623063193371000,0,199.82940000,1.0001
1623063193371000,0,499.23894000,1.0001
1623063193371000,0,1261.25278000,1.0001
1623063193371000,0,1679.30769000,1.0001
1623063193371000,0,786.51213000,1.0001
1623063193371000,0,4704.50520000,1.0001
1623063193371000,0,4603.13396000,1.0001
1623063193371000,0,3551.57026000,1.0001
1623063193371000,0,599.01351000,1.0001
1623063193371000,0,146359.70684000,1.0001
1623064396927000,0,999.83945000,1.0001
1623064396927000,0,66673.78664000,1.0001
1623064396927000,0,2251.18630000,1.0002
1623065020271000,1,25.53464000,0.9997
1623065529964000,0,25.53464000,1.0001
1623065529964000,0,10193.31028000,1.0002
1623065529964000,0,4090.51789000,1.0002
1623067581756000,1,598.62965000,0.9998
1623067581756000,1,25.87034000,0.9997
1623067581756000,1,89.42167000,0.9997
1623068589432000,0,89.42167000,1.0001
1623068589432000,0,598.62965000,1.0001
1623068589432000,0,7.78898000,1.0002
1623068767585000,1,205.65271000,0.9998
1623068767585000,1,597.11539000,0.9998
1623068790730000,1,4247.23190000,0.9998
1623069105478000,0,439.41923000,1.0001
1623070940721000,1,9000.00000000,0.9997
1623070940721000,1,2833.62532000,0.9997
1623070940721000,1,174.35659000,0.9997
1623070940721000,1,299.89410000,0.9997
1623070940721000,1,22.22200000,0.9997
1623070940721000,1,20.85932000,0.9997
1623070940721000,1,21.89234000,0.9997
1623070940721000,1,20.85294000,0.9997
1623070940721000,1,20.89432000,0.9997
1623070940721000,1,20.89324000,0.9996
1623070940721000,1,919.33095000,0.9996
1623070940721000,1,44.58920000,0.9996
1623070940721000,1,199.89430000,0.9996
1623070940721000,1,499.85494000,0.9996
1623070940721000,1,488.85932000,0.9996
1623070940721000,1,499.23894000,0.9996
1623070940721000,1,774.60984000,0.9996
1623070940721000,1,499.85942000,0.9996
1623070940721000,1,199.82940000,0.9996
1623070940721000,1,499.89523000,0.9996
1623070940721000,1,598.71145000,0.9996
1623070940721000,1,499.89532000,0.9996
1623070940721000,1,399.89520000,0.9996
1623070940721000,1,1440.04632000,0.9996
1623071050716000,0,3243.47071000,1.0000
1623071392538000,1,239.26137000,0.9996
1623071392538000,1,4001.98044000,0.9996
1623071407237000,1,499.85920000,0.9996
1623071407237000,1,499.89542000,0.9996
1623071407237000,1,774.39182000,0.9996
1623071431174000,0,9000.00000000,1.0000
1623071431174000,0,6500.00000000,1.0000
1623071431174000,0,21.89234000,1.0001
1623071431174000,0,20.85294000,1.0001
1623071431174000,0,2833.62103000,1.0001
1623071431174000,0,22.22200000,1.0001
1623071431174000,0,20.85932000,1.0001
1623071431174000,0,20.89432000,1.0001
1623071431174000,0,20.89324000,1.0001
1623071431174000,0,44.58920000,1.0001
1623071431174000,0,199.89430000,1.0001
1623071431174000,0,499.85494000,1.0001
1623071431174000,0,488.85932000,1.0001
1623071431174000,0,499.85942000,1.0001
1623071431174000,0,499.89532000,1.0001
1623071431174000,0,499.85920000,1.0001
1623071431174000,0,399.89520000,1.0001
1623071431174000,0,174.35659000,1.0001
1623071431174000,0,774.60984000,1.0001
1623071431174000,0,299.89410000,1.0001
1623071431174000,0,774.39182000,1.0001
1623071431174000,0,919.33095000,1.0001
1623071431174000,0,18.08136000,1.0002
1623071431174000,0,445.39325000,1.0002
1623071431961000,1,997.37629000,0.9996
1623071431961000,1,299.85932000,0.9996
1623071431961000,1,499.89523000,0.9996
1623071431961000,1,78.12500000,0.9996
1623071441756000,1,8218.57819000,0.9996
1623071456469000,0,1791.59620000,1.0001
1623072475404000,0,598.71144000,1.0000
1623072475568000,0,0.00001000,1.0000
1623072475568000,0,344.95472000,1.0001
1623072475702000,0,1056.33383000,1.0001
1623072478406000,0,943.66018000,1.0001
1623072478767000,0,3177.56550000,1.0001
1623072478927000,0,3265.90586000,1.0001
1623072812607000,0,50.18877000,1.0001
1623072830974000,0,95.13330000,1.0001
1623073263737000,0,66.25784000,1.0001
1623073263737000,0,931.12858000,1.0001
1623073363995000,1,146.03543000,0.9997
1623074117933000,1,78.18632000,0.9997
1623074118381000,0,2229.37701000,0.9997
1623074118719000,0,2267.96805000,0.9997
1623074118871000,0,1188.75547000,0.9997
1623074119005000,0,124.11174000,0.9997
1623074119352000,0,2267.94804000,0.9997
1623074119491000,0,1499.26967000,0.9997
1623074119622000,0,997.36629000,0.9997
1623074131350000,1,375.00375000,0.9997
1623074131350000,1,70.64331000,0.9997
1623074131350000,1,5702.44413000,0.9997
1623074194705000,0,99.48726000,1.0000
1623074604173000,1,434.73027000,0.9997
1623074604352000,1,186.82166000,0.9997
1623074607350000,1,900.85828000,0.9997
1623075025649000,1,4352.27932000,0.9997
1623075025649000,1,413.02847000,0.9997
1623075227842000,0,99.48726000,1.0000
1623075227842000,0,46.54817000,1.0000
1623075227842000,0,78.18632000,1.0000
1623075227842000,0,375.00000000,1.0000
1623075227842000,0,186.17943000,1.0000
1623076347192000,0,510.64153000,1.0000
1623076347192000,0,219.75937000,1.0000
1623076376031000,0,79.19055000,1.0000
1623076551341000,1,124.75116000,0.9997
1623076551341000,1,261.89640000,0.9997
1623076551469000,1,0.00002000,0.9997
1623076551469000,1,186.62613000,0.9997
1623076551469000,1,313.16877000,0.9997
1623076551471000,1,61.86874000,0.9997
1623076551471000,1,237.23334000,0.9997
1623076551522000,1,2184.54485000,0.9997
1623076551522000,1,95.72588000,0.9997
1623076551545000,1,499.89233000,0.9996
1623076552106000,1,0.00001000,0.9996
1623076552106000,1,499.79493000,0.9996
1623076552106000,1,0.09739000,0.9996
1623076552139000,1,499.73195000,0.9996
1623076552139000,1,0.16038000,0.9996
1623076552230000,1,499.73196000,0.9996
1623076552242000,1,499.89233000,0.9996
1623076552269000,1,0.00001000,0.9996
1623076552269000,1,476.65376000,0.9996
1623076552270000,1,22.47514000,0.9996
1623076552361000,1,499.89233000,0.9996
1623076552372000,1,0.00001000,0.9996
1623076552372000,1,499.89228000,0.9996
1623076552386000,1,0.00002000,0.9996
1623076552386000,1,499.89120000,0.9996
1623076552386000,1,598.70342000,0.9996
1623076552386000,1,931.12858000,0.9996
1623076552386000,1,510.64150000,0.9996
1623076552819000,1,0.00003000,0.9996
1623076552819000,1,752.30618000,0.9996
1623076552840000,1,1247.69382000,0.9996
1623076552840000,1,1329.86833000,0.9995
1623076552840000,1,3457.97474000,0.9995
1623076553296000,1,2763.60716000,0.9995
1623076553323000,1,0.00002000,0.9995
1623076553323000,1,74.14150000,0.9995
1623076553323000,1,1060.28459000,0.9995
1623076553627000,1,1756.32888000,0.9995
1623076553627000,1,65.00000000,0.9995
1623076553627000,1,580.00000000,0.9995
1623076553627000,1,489.42609000,0.9995
1623076554078000,1,544.14492000,0.9995
1623076554085000,1,5175.36217000,0.9995
1623076559668000,1,544.14497000,0.9995
1623076559668000,1,1802.46506000,0.9995
1623076560150000,1,999.83945000,0.9995
1623076560150000,1,5000.00000000,0.9995
1623076560150000,1,1989.00932000,0.9995
1623076562018000,1,3010.99068000,0.9995
1623076562018000,1,4693.88127000,0.9995
1623076832807000,1,250.12506000,0.9995
1623076952772000,1,250.12506000,0.9995
1623076961305000,1,1130.33136000,0.9995
1623076961305000,1,3097.48857000,0.9995
1623077083574000,0,690.74846000,0.9995
1623077138454000,0,283.35884000,0.9995
1623077163078000,0,156.22406000,0.9995
1623077313128000,1,63.59419000,0.9995
1623077313128000,1,186.52837000,0.9995
1623077553480000,1,250.12506000,0.9995
1623077627812000,0,8998.20035000,0.9999
1623077636844000,1,677.50000000,0.9995
1623077648392000,0,4571.82891000,0.9999
1623077680153000,0,250.07504000,0.9999
1623077689738000,0,0.05002000,0.9999
1623077689738000,0,598.78368000,0.9999
1623077698134000,0,598.66991000,0.9999
1623077762129000,0,0.11974000,0.9999
1623077762129000,0,678.41437000,0.9999
1623077762129000,0,100.85796000,0.9999
1623077762129000,0,1825.91597000,0.9999
1623077767146000,0,679.04839000,0.9999
1623077767146000,0,348.36147000,1.0000
1623077767146000,0,124.75116000,1.0000
1623077767146000,0,1447.24745000,1.0001
1623077767146000,0,4.99666000,1.0001
1623077774683000,0,1925.61214000,0.9999
1623077774683000,0,678.99866000,1.0001
1623077793609000,1,250.02500000,0.9996
1623077806488000,0,2605.25966000,1.0000
1623077806488000,0,250.02500000,1.0001
1623077806488000,0,335.15125000,1.0001
1623077806488000,0,599.28083000,1.0001
1623077806488000,0,599.54321000,1.0001
1623077806488000,0,544.86881000,1.0001
1623077806488000,0,545.03861000,1.0001
1623077806488000,0,2042.56614000,1.0001
1623077806488000,0,599.54321000,1.0001
1623077806488000,0,499.73195000,1.0001
1623077806488000,0,6865.68497000,1.0001
1623077806488000,0,997.37629000,1.0001
1623077806488000,0,60288.29826000,1.0001
1623077812095000,0,957.54256000,1.0001
1623077827382000,1,598.15734000,0.9996
1623077827382000,1,359.38522000,0.9996
1623078033977000,1,250.10504000,0.9996
1623078081740000,0,359.38522000,1.0000
1623078081740000,0,5044.58433000,1.0000
1623078081740000,0,598.15734000,1.0001
1623078081740000,0,250.10504000,1.0001
1623078081740000,0,13656.24722000,1.0001
1623078200667000,1,322.95272000,0.9996
1623078200667000,1,249.98497000,0.9996
1623078200795000,1,0.00002000,0.9996
1623078200795000,1,1107.58053000,0.9996
1623078201136000,1,1596.00691000,0.9996
1623078203824000,1,1018.60796000,0.9996
1623078467156000,1,89.24252000,0.9996
1623079613510000,1,339.67997000,0.9996
1623079743017000,0,322.95272000,1.0001
1623079743017000,0,142.45873000,1.0001
1623080047538000,1,322.98658000,0.9997
1623080047538000,1,2194.82014000,0.9997
1623080048022000,1,3575.47396000,0.9997
1623080058738000,1,599.20569000,0.9996
1623080058985000,1,0.00002000,0.9996
1623080058985000,1,2241.58759000,0.9996
1623080059319000,1,308.72613000,0.9996
1623080349016000,0,322.98658000,1.0000
1623080349016000,0,277.00000000,1.0000
1623080349016000,0,60.00947000,1.0000
1623080584507000,1,599.42638000,0.9996
1623080584519000,1,0.00001000,0.9996
1623080584519000,1,422.10445000,0.9996
1623081331079000,0,24.65619000,1.0001
1623082486606000,1,24.65789000,0.9997
1623082486606000,1,1309.85718000,0.9997
1623082486623000,1,598.90763000,0.9997
1623082486636000,1,907.39848000,0.9997
1623082486845000,1,1930.18241000,0.9997
1623082622962000,0,334.01646000,1.0000
1623082897538000,1,100.84832000,0.9996
1623082897538000,1,99.15168000,0.9996
1623082916197000,1,200.67226000,0.9996
1623082916197000,1,499.89230000,0.9996
1623082916197000,1,499.89234000,0.9996
1623082916197000,1,799.54310000,0.9996
1623083150834000,1,647.70434000,0.9996
1623083172867000,1,0.00001000,0.9996
1623083172867000,1,1999.99999000,0.9995
1623083649850000,0,118.89437000,1.0000
1623083976536000,0,100.00000000,1.0000
1623084043663000,0,150.00000000,1.0000
1623084211837000,0,121.09821000,1.0000
1623084828953000,0,24.98775000,1.0000
1623084914141000,0,574.99330000,1.0000
1623084939549000,0,173.11000000,1.0000
1623085760359000,0,127.00000000,1.0000
1623085760359000,0,9000.00000000,1.0000
1623085760821000,1,1798.29807000,1.0000
1623085761152000,1,1798.29807000,1.0000
1623085762978000,1,1798.83264000,1.0000
1623085763883000,1,1799.32359000,1.0000
1623085764227000,1,1886.99971000,1.0000
1623085929661000,1,599.17230000,0.9996
1623085929661000,1,2472.68482000,0.9996
1623086333848000,1,599.75188000,0.9995
1623086333848000,1,817.86369000,0.9995
1623086957536000,1,598.99152000,0.9995
1623086957536000,1,1369.33122000,0.9995
1623087780484000,1,599.47175000,0.9995
1623087780484000,1,1400.52825000,0.9995
1623088152854000,0,599.54321000,1.0000
1623088152854000,0,7388.70543000,1.0000
1623088285585000,1,200.00000000,0.9995
1623088779917000,1,89.00000000,0.9995
1623093147726000,1,20.29933000,0.9995
1623093147726000,1,457.01479000,0.9995
1623093147726000,1,357.97974000,0.9995
1623093343542000,0,614.70106000,0.9999
1623094731392000,0,44.95722000,0.9999
1623094731392000,0,2695.27351000,0.9999
1623094731392000,0,663.57213000,0.9999
1623094998044000,1,555.09515000,0.9996
1623095689261000,0,272.39179000,0.9999
1623095704139000,0,90.60090000,0.9999
1623096150404000,1,375.19874000,0.9999
1623096394178000,1,44.96978000,0.9996
1623096394178000,1,0.03027000,0.9996
1623096661568000,1,599.52514000,0.9996
1623096661594000,1,619.16009000,0.9995
1623096766487000,1,196.81376000,0.9996
1623097184725000,1,402.72945000,0.9996
1623097184725000,1,197.00000000,0.9996
1623097184725000,1,639.97034000,0.9996
1623097941391000,0,44.96978000,0.9999
1623097941391000,0,619.16009000,0.9999
1623097941391000,0,1813.00180000,0.9999
1623097941391000,0,684.50777000,1.0000
1623097973427000,0,332.73395000,1.0000
1623097973427000,0,639.97034000,1.0000
1623097973427000,0,266.95426000,1.0001
1623098122584000,0,31.37613000,1.0001
1623098122584000,0,40.29695000,1.0001
1623098208844000,0,218.24830000,1.0001
1623098429554000,0,91.61630000,1.0001
1623098795440000,0,599.13216000,1.0001
1623098829288000,0,238.79998000,1.0001
1623098829288000,0,3787.94404000,1.0001
1623098829288000,0,363.73474000,1.0001
1623099032341000,1,1749.01287000,0.9997
1623099032804000,1,2001.54712000,0.9997
1623099065938000,0,60.98995000,1.0001
1623099289567000,0,1358.99226000,1.0001
1623099523932000,1,599.96198000,0.9996
1623099523932000,1,9000.00000000,0.9996
1623099523932000,1,91.61630000,0.9996
1623099523932000,1,298.47640000,0.9996
1623099523932000,1,599.13216000,0.9996
1623099523932000,1,2840.37929000,0.9996
1623099523932000,1,44.96978000,0.9996
1623099523932000,1,40.29695000,0.9995
1623099523932000,1,218.24830000,0.9995
1623099523932000,1,238.79998000,0.9995
1623099523932000,1,4865.68498000,0.9995
1623099523932000,1,599.01707000,0.9995
1623099523932000,1,599.82391000,0.9995
1623099523932000,1,3644.92601000,0.9995
1623099523932000,1,10000.00000000,0.9995
1623099523932000,1,5000.00000000,0.9995
1623099523932000,1,5000.00000000,0.9995
1623099523932000,1,21.80393000,0.9981
1623099523932000,1,56.69021000,0.9981
1623099523932000,1,706.00000000,0.9981
1623099523932000,1,2332.00000000,0.9981
1623099523932000,1,2173.00000000,0.9980
1623099523932000,1,3134.98132000,0.9980
1623099576372000,0,3000.00000000,1.0000
1623100015172000,0,558.62686000,1.0000
1623100015172000,0,4041.28320000,1.0000
1623100183128000,1,999.99998000,0.9998
1623100368596000,0,491.89542000,1.0000
1623100368869000,1,526.48935000,1.0000
1623100406112000,1,195.50026000,1.0000
1623100575684000,0,73.14239000,1.0000
1623100576639000,0,64.64877000,1.0000
1623100642662000,0,129.02550000,1.0000
1623101108254000,0,474.35139000,1.0000
1623101108254000,0,4289.29458000,1.0000
1623101323594000,1,1988.49999000,1.0000
1623101482777000,1,1103.15726000,1.0000
1623101482905000,1,4096.15999000,0.9996
1623101507692000,1,249.99250000,0.9996
1623101627747000,1,250.10753000,0.9996
1623101747864000,1,58.50016000,0.9996
1623101747864000,1,191.60737000,0.9996
1623101868009000,1,250.11004000,0.9996
1623102148988000,0,31.72026000,1.0001
1623102163368000,0,4064.43973000,1.0001
1623102163368000,0,298.47640000,1.0001
1623102163368000,0,235.80847000,1.0001
1623102163368000,0,598.99152000,1.0001
1623102163368000,0,599.75188000,1.0001
1623102163368000,0,599.47175000,1.0001
1623102163368000,0,6221.58192000,1.0001
1623102163368000,0,599.01479000,1.0001
1623102163368000,0,599.09515000,1.0001
1623102163368000,0,103.03027000,1.0001
1623102163368000,0,599.52514000,1.0001
1623102163368000,0,196.81376000,1.0001
1623102163368000,0,599.72945000,1.0001
1623102163368000,0,2345.54321000,1.0001
1623102163368000,0,6703.52232000,1.0001
1623102163368000,0,1675.88058000,1.0001
1623102163368000,0,599.01707000,1.0001
1623102163368000,0,599.82391000,1.0001
1623102163368000,0,558.60019000,1.0001
1623102163368000,0,100.84832000,1.0001
1623102163368000,0,200.67226000,1.0001
1623102163368000,0,949.90222000,1.0001
1623102163368000,0,10950.45969000,1.0001
1623102363846000,0,191.60737000,1.0001
1623102363846000,0,250.11004000,1.0001
1623102363846000,0,214558.28259000,1.0001
1623103342472000,0,249.97750000,1.0001
1623103342472000,0,5692.74250000,1.0001
1623103455098000,1,100.00000000,0.9996
1623103564685000,0,100.00000000,1.0001
1623103564685000,0,2836.39299000,1.0001
1623103564685000,0,4775.37694000,1.0001
1623103695850000,0,180.14901000,1.0001
1623105593605000,1,70.00000000,0.9997
1623105831723000,1,136.63999000,0.9997
1623105919496000,1,392.28364000,0.9997
1623105919496000,1,95.71636000,0.9997
1623107557917000,0,694.63999000,1.0001
1623107557917000,0,2333.02050000,1.0001
1623108655207000,1,599.41380000,0.9997
1623108655207000,1,6400.58620000,0.9997
1623108689264000,0,426.68411000,1.0001
1623108865235000,0,2769.81900000,1.0001
1623108976501000,0,801.83478000,1.0001
1623109170031000,0,649.06885000,1.0001
1623109202815000,0,63.01036000,1.0001
1623109349956000,0,144.43094000,1.0001
1623109733310000,1,457.58545000,0.9997
1623109733310000,1,73.12120000,0.9997
1623109733310000,1,35.71126000,0.9997
1623109761947000,0,73.12120000,1.0001
1623109761947000,0,1545.73816000,1.0001
1623109761947000,0,599.41380000,1.0001
1623109761947000,0,551.54701000,1.0001
1623109820408000,0,35.71126000,1.0001
1623109820408000,0,28.87989000,1.0001
1623111053108000,0,2006.41000000,1.0001
1623111225205000,0,791.40219000,1.0001
1623111356150000,1,73.91143000,0.9997
1623111356150000,1,126.13858000,0.9997
1623111360412000,1,342.63000000,0.9997
1623111622864000,0,73.91143000,1.0001
1623111622864000,0,468.76858000,1.0001
1623111622864000,0,119834.65645000,1.0001
1623113138083000,1,249.39984000,0.9997
1623114107584000,1,276.60016000,0.9997
1623114107584000,1,73.00044000,0.9997
1623114107584000,1,250.00000000,0.9997
1623114143962000,1,2407.32964000,0.9997
1623114358094000,1,300.00000000,0.9997
1623117095873000,0,22.00000000,1.0001
1623117165452000,1,22.00000000,0.9997
1623117378036000,1,256.90209000,0.9997
1623117378036000,1,58.27708000,0.9997
1623117758258000,0,2385.32964000,1.0001
1623117758258000,0,1149.00044000,1.0001
1623117758258000,0,22.00000000,1.0001
1623117758258000,0,256.90209000,1.0001
1623117758258000,0,58.27708000,1.0001
1623117758258000,0,23355.43875000,1.0001
1623118654530000,0,27226.94825000,1.0001
1623119998920000,1,200.12956000,0.9997
1623120596985000,0,200.12956000,1.0001
1623120596985000,0,521.31660000,1.0001
1623120603981000,0,2173.36670000,1.0001
1623120610997000,0,3429.61194000,1.0001
1623120635007000,0,208.77800000,1.0001
1623120638561000,0,276.33366000,1.0001
1623120659018000,0,1039.98431000,1.0001
1623120685960000,0,7495.57726000,1.0001
1623120690734000,0,5149.06506000,1.0001
1623120697608000,0,1811.79605000,1.0001
1623120701108000,0,3895.59451000,1.0001
1623120718153000,0,5475.74174000,1.0001
1623120722833000,0,248.93662000,1.0001
1623120749117000,0,638.63116000,1.0001
1623120893588000,1,61.59336000,0.9997
1623120893588000,1,8319.53398000,0.9997
1623120905347000,1,618.87266000,0.9997
1623120911858000,1,362.90000000,0.9997
1623121803259000,0,249.10757000,1.0001
1623121890850000,1,1212.64300000,0.9997
1623121891202000,1,559.21124000,0.9997
1623122068066000,1,1215.60000000,0.9997
1623122069165000,1,216.54695000,0.9997
1623122069386000,1,701.18305000,0.9997
1623122559754000,0,61.59336000,1.0001
1623122559754000,0,423.40664000,1.0001
1623122570937000,0,2792.41919000,1.0001
1623122795988000,0,4362.35297000,1.0001
1623123092887000,0,90302.40278000,1.0001
1623123774054000,1,321.65187000,0.9997
1623124441416000,0,676.31265000,1.0001
1623124486733000,0,398.27212000,1.0001
1623124933900000,0,7925.41523000,1.0001
1623124933900000,0,1329.86833000,1.0001
1623124933900000,0,639.01724000,1.0001
1623125853004000,1,45.95103000,0.9997
1623125893804000,1,79.35361000,0.9997
1623127447422000,0,249.83000000,1.0001
1623127567470000,0,249.94999000,1.0001
1623128168069000,0,202.15381000,1.0001
1623128362893000,0,952.00973000,1.0001
1623128362997000,0,952.00973000,1.0001
1623128482558000,0,249.52002000,1.0001
1623128482558000,0,1351.43005000,1.0001
1623128482558000,0,421.26735000,1.0001
1623128482558000,0,1756.32888000,1.0001
1623128482558000,0,499.89233000,1.0001
1623128482558000,0,499.89233000,1.0001
1623128482558000,0,499.73196000,1.0001
1623128482558000,0,476.65376000,1.0001
1623128482558000,0,499.89228000,1.0001
1623128482558000,0,752.30618000,1.0001
1623128482558000,0,1247.69382000,1.0001
1623128482558000,0,1930.96803000,1.0002
1623128482558000,0,44799.94674000,1.0002
1623130054761000,0,125.30464000,1.0001
1623130054761000,0,860.74953000,1.0001
1623130054761000,0,2276.33740000,1.0002
1623131217597000,1,1229.31288000,0.9997
1623133601184000,1,7770.68712000,0.9997
1623133601184000,1,2837.37082000,0.9997
1623133601184000,1,26.62811000,0.9996
1623133601184000,1,127.84921000,0.9996
1623133601184000,1,472.67543000,0.9996
1623133601184000,1,1241.34619000,0.9996
1623133601184000,1,599.37372000,0.9996
1623133601184000,1,924.06940000,0.9996
1623133944273000,0,26.62811000,1.0001
1623133944273000,0,455.37189000,1.0001
1623134034737000,0,482.00000000,1.0001
1623134059181000,0,1588.51814000,1.0001
1623134341147000,1,923.42744000,0.9996
1623134341147000,1,3846.35156000,0.9996
1623136087036000,0,1939.95693000,1.0000
1623136757142000,0,249.99000000,1.0000
1623136757142000,0,8380.50460000,1.0000
1623136757142000,0,2837.36495000,1.0001
1623136757142000,0,127.84921000,1.0001
1623136757142000,0,472.67543000,1.0001
1623136757142000,0,1241.34619000,1.0001
1623136757142000,0,599.37372000,1.0001
1623136757142000,0,924.06940000,1.0001
1623136757142000,0,89262.84168000,1.0001
1623138029723000,0,740.60595000,1.0001
1623139459194000,0,294.27997000,1.0002
1623140213438000,0,205.61236000,1.0002
1623140213438000,0,749.62754000,1.0002
1623141495785000,0,349.30878000,1.0002
1623141495785000,0,499.85941000,1.0002
1623141495785000,0,499.79493000,1.0002
1623141495785000,0,999.89532000,1.0002
1623141495785000,0,999.85932000,1.0002
1623141495785000,0,499.89120000,1.0002
1623141495785000,0,1663.81526000,1.0002
1623141495785000,0,2179.16709000,1.0002
1623141495785000,0,27264.40869000,1.0003
1623141849926000,1,499.85941000,0.9996
1623141849926000,1,578.14059000,0.9996
1623142201447000,0,499.89523000,1.0003
1623142201447000,0,578.14059000,1.0003
1623142201447000,0,499.89523000,1.0004
1623142201447000,0,499.89542000,1.0005
1623142201447000,0,299.85932000,1.0005
1623142201447000,0,2000.81032000,1.0005
1623142201447000,0,5.74528000,1.0010
1623144462428000,0,1809.21624000,1.0002
1623144540637000,0,74.61349000,1.0003
1623145400715000,1,946.42080000,0.9996
1623146271740000,1,2453.19655000,0.9996
1623146273960000,1,328.47000000,0.9996
1623146274093000,1,3938.59343000,0.9996
1623147364362000,1,5.99490000,0.9996
1623147585530000,0,7666.68078000,1.0007
1623147585530000,0,1215.54300000,1.0007
1623147585530000,0,3039.59147000,1.0008
1623147585530000,0,7901.02953000,1.0010
1623147585530000,0,10000.00000000,1.0010
1623147585530000,0,142.98912000,1.0022
1623148051540000,1,96.11145000,0.9996
1623148081050000,1,8903.88855000,0.9996
1623148081050000,1,2838.54961000,0.9996
1623148081050000,1,2001.63065000,0.9996
1623148081050000,1,999.89532000,0.9996
1623148081050000,1,524.66804000,0.9996
1623148081050000,1,599.70386000,0.9996
1623148081050000,1,598.98355000,0.9996
1623148081050000,1,599.44375000,0.9996
1623148081050000,1,599.72387000,0.9996
1623148081050000,1,598.96354000,0.9996
1623148081050000,1,6703.18940000,0.9996
1623148081050000,1,1149.00044000,0.9996
1623148081050000,1,2179.16709000,0.9996
1623148081050000,1,749.62754000,0.9995
1623148081050000,1,349.30878000,0.9995
1623148081050000,1,604.25601000,0.9995
1623148321248000,0,2999.99998000,1.0001
1623148321291000,0,393.73915000,1.0001
1623148321568000,0,1537.00866000,1.0001
1623149426829000,0,1999.99999000,1.0001
1623149665997000,1,249.97500000,0.9996
1623149665997000,1,191.35500000,0.9996
1623149873525000,0,2266.60212000,1.0001
1623149873525000,0,2838.54250000,1.0001
1623149873525000,0,1149.00044000,1.0002
1623149873525000,0,10224.67601000,1.0002
1623149873525000,0,2001.63065000,1.0005
1623149873806000,1,9999.99999000,1.0005
1623149874338000,1,9999.99999000,1.0005
1623149874962000,1,9999.99999000,1.0005
1623149875550000,1,9999.99999000,1.0005
1623149876164000,1,9999.99999000,1.0005
1623149876748000,1,9999.99999000,1.0005
1623149877337000,1,9999.99999000,1.0005
1623149877952000,1,9999.99999000,1.0005
1623149878529000,1,9999.99999000,1.0005
1623149879160000,1,9999.99999000,1.0005
1623149879656000,1,9999.99999000,1.0005
1623149879870000,1,5000.00000000,1.0005
1623149880210000,1,9999.99999000,1.0005
1623149880780000,1,9999.99999000,1.0005
1623149881343000,1,9999.99999000,1.0005
1623149881854000,1,9999.99999000,1.0005
1623149882468000,1,9999.99999000,1.0005
1623149883051000,1,9999.99999000,1.0005
1623149883665000,1,9999.99999000,1.0005
1623149884187000,1,9999.99999000,1.0005
1623149886790000,1,7346.52120000,1.0005
1623149887062000,1,5000.00000000,1.0005
1623149887329000,1,7346.52120000,1.0005
1623149887923000,1,9999.99999000,1.0005
1623149888526000,1,9999.99999000,1.0005
1623149889121000,1,6779.89611000,1.0005
1623149896603000,1,1355.93308000,1.0005
1623149896869000,1,5000.00000000,1.0005
1623149897138000,1,1355.93308000,1.0005
1623150156305000,1,814.10343000,1.0005
1623150156603000,1,5000.00000000,1.0005
1623150215010000,0,1798.38063000,1.0006
1623150215010000,0,1628.18679000,1.0006
1623150215010000,0,30449.40412000,1.0006
1623150215010000,0,22542.09098000,1.0006
1623150215010000,0,46791.10361000,1.0006
1623150608120000,0,8179.79827000,1.0002
1623150608120000,0,16036.66055000,1.0002
1623150608120000,0,39757.09897000,1.0004
1623151300996000,0,2774.85400000,1.0004
1623152197814000,0,2774.85502000,1.0004
1623153012161000,1,86.75038000,0.9999
1623153446210000,0,2999.99998000,1.0002
1623153519732000,0,52.68040000,1.0002
1623153562573000,0,20000.00000000,1.0002
1623155456837000,0,322.05928000,1.0003
1623156723218000,1,120.08000000,0.9999
1623157192805000,0,120.08000000,1.0001
1623157192805000,0,40.72620000,1.0001
1623157824732000,1,100.00000000,0.9999
1623158248830000,0,100.00000000,1.0001
1623158248830000,0,9900.00000000,1.0001
1623158590577000,0,149.89805000,1.0002
1623158943376000,1,522.11412000,0.9999
1623158943376000,1,1477.88588000,0.9999
1623158950778000,0,29.26443000,1.0002
1623158950778000,0,9.70692000,1.0003
1623159351095000,1,241.01000000,0.9999
1623159437886000,0,175.80923000,1.0002
1623159471025000,0,11180.08172000,1.0002
1623159489335000,0,4.26732000,1.0002
1623159489335000,0,1709.18896000,1.0003
1623159489335000,0,12076.22681000,1.0003
1623159518436000,0,24835.47235000,1.0003
1623159518436000,0,33480.03589000,1.0003
1623159811520000,1,425.73365000,1.0003
1623159898152000,0,145.57937000,1.0003
1623160278848000,1,4036.58561000,1.0003
1623160586275000,1,249.92502000,1.0003
1623160706404000,1,249.92502000,1.0003
1623160723703000,1,171910.00615000,1.0003
1623160723703000,1,9000.00000000,1.0000
1623160723703000,1,2838.76460000,1.0000
1623160723703000,1,964.72647000,0.9999
1623160723703000,1,499.89120000,0.9997
1623160723703000,1,499.89230000,0.9997
1623160723703000,1,360.45895000,0.9997
1623160723703000,1,199.89123000,0.9997
1623160723703000,1,228.82974000,0.9997
1623160723703000,1,499.83924000,0.9997
1623160723703000,1,499.58349000,0.9997
1623160723703000,1,2111.58392000,0.9996
1623160723703000,1,1582.92912000,0.9996
1623160723703000,1,599.98199000,0.9996
1623160723703000,1,499.34523000,0.9996
1623160723703000,1,6221.95434000,0.9996
1623160723703000,1,2144.82503000,0.9996
1623160723703000,1,5000.00000000,0.9996
1623160723703000,1,499.89542000,0.9996
1623160723703000,1,2143.80685000,0.9996
1623160723703000,1,5000.00000000,0.9996
1623160723703000,1,3947.00000000,0.9996
1623160723703000,1,2002.53101000,0.9996
1623160723703000,1,499.89543000,0.9996
1623160723703000,1,499.89521000,0.9996
1623160723703000,1,499.89430000,0.9996
1623160723703000,1,3193.17806000,0.9996
1623160723703000,1,3398.50534000,0.9996
1623160723703000,1,5000.00000000,0.9996
1623160723703000,1,5000.00000000,0.9996
1623160723703000,1,395.60331000,0.9995
1623160723703000,1,491.89542000,0.9995
1623160723703000,1,64.64877000,0.9995
1623160723703000,1,129.02550000,0.9995
1623160723703000,1,474.35139000,0.9995
1623160723703000,1,949.90222000,0.9995
1623160723703000,1,1663.81526000,0.9995
1623160723703000,1,1930.96803000,0.9995
1623160723703000,1,143.30022000,0.9995
1623160723703000,1,1149.00044000,0.9995
1623160723703000,1,6797.36070000,0.9995
1623160723703000,1,3398.67535000,0.9995
1623160723703000,1,600.06403000,0.9995
1623160723703000,1,599.74387000,0.9995
1623160723703000,1,10000.00000000,0.9995
1623160723703000,1,5000.00000000,0.9995
1623160723703000,1,184.99556000,0.9992
1623160723703000,1,184.99556000,0.9992
1623160723703000,1,691.00000000,0.9992
1623160723703000,1,1127.18512000,0.9986
1623160723703000,1,1685.32379000,0.9980
1623160723703000,1,6865.01868000,0.9980
1623160723703000,1,2333.00000000,0.9979
1623160723703000,1,7013.88471000,0.9975
1623160723703000,1,2345.53314000,0.9970
1623160723703000,1,10000.00000000,0.9970
1623160723703000,1,16904.20969000,0.9970
1623160723703000,1,55.92322000,0.9970
1623160723703000,1,7136.93390000,0.9947
1623160797384000,1,4591.23755000,0.9995
1623160797384000,1,5000.00000000,0.9995
1623160797384000,1,5000.00000000,0.9995
1623160797384000,1,5000.00000000,0.9995
1623160797384000,1,10000.00000000,0.9995
1623160797384000,1,161.11834000,0.9978
1623160797384000,1,402.79585000,0.9977
1623160797384000,1,1104.94123000,0.9977
1623160797384000,1,3367.71206000,0.9977
1623160797384000,1,691.00000000,0.9948
1623160797384000,1,2333.00000000,0.9948
1623160797384000,1,10000.00000000,0.9930
1623160797384000,1,23429.00000000,0.9926
1623160797384000,1,12269.14146000,0.9905
1623160797384000,1,115.47197000,0.9900
1623160797384000,1,45474.59158000,0.9900
1623160797384000,1,11610.00000000,0.9897
1623160797384000,1,5000.00000000,0.9880
1623160797384000,1,4198.89592000,0.9800
1623160797384000,1,100.00000000,0.9800
1623160797384000,1,4612.00000000,0.9797
1623160797384000,1,2368.00000000,0.9753
1623160797384000,1,28480.23764000,0.9753
1623160797384000,1,43.00000000,0.9725
1623160797384000,1,26.04200000,0.9600
1623160797384000,1,1621.81440000,0.9547
1623160802232000,1,2333.00000000,0.9995
1623160810507000,1,2333.00000000,0.9995
1623160826403000,1,249.92502000,0.9995
1623160898357000,1,74.63214000,0.9995
1623160900531000,1,9.44284000,0.9995
1623160900531000,1,2323.55716000,0.9995
1623160946599000,1,250.11505000,0.9995
1623161066593000,1,250.12506000,0.9995
1623161186807000,1,250.12506000,0.9995
1623161220806000,1,115.61106000,0.9995
1623161236372000,1,2333.00000000,0.9995
1623161273223000,1,2333.00000000,0.9995
1623161285040000,0,115.47197000,1.0003
1623161285040000,0,3882.48996000,1.0003
1623161290001000,1,2333.00000000,0.9995
1623161306998000,1,250.12506000,0.9995
1623161318437000,1,1301.33281000,0.9995
1623161322604000,1,2144.46661000,0.9995
1623161322731000,0,188.53339000,0.9995
1623161326849000,1,2333.00000000,0.9979
1623161330706000,1,2333.00000000,0.9989
1623161334857000,1,185.73836000,0.9994
1623161334857000,1,464.34590000,0.9994
1623161335004000,0,1682.91574000,0.9994
1623161338991000,1,2333.00000000,0.9995
1623161413076000,1,2333.00000000,0.9995
1623161417409000,1,2333.00000000,0.9995
1623161421185000,1,2333.00000000,0.9995
1623161425518000,1,668.00000000,0.9995
1623161425603000,0,1665.00000000,0.9995
1623161425674000,1,691.00000000,0.9995
1623161578822000,0,599.62483000,1.0003
1623161578822000,0,9000.00000000,1.0003
1623161578822000,0,499.58349000,1.0003
1623161578822000,0,599.49977000,1.0003
1623161578822000,0,2838.76327000,1.0003
1623161578822000,0,499.89120000,1.0003
1623161578822000,0,462.86491000,1.0003
1623161642894000,1,397995.19375000,1.0000
1623161643193000,1,5000.00000000,1.0000
1623161661841000,1,99498.79843000,1.0000
1623161663127000,1,5000.00000000,1.0000
1623161663140000,1,5000.00000000,1.0000
1623161681739000,1,22000.00000000,1.0000
1623161683017000,1,506.00782000,1.0000
1623161815972000,1,2333.00000000,0.9999
1623161820301000,1,506.89775000,0.9999
1623161838353000,1,9000.00000000,0.9995
1623161838353000,1,10000.00000000,0.9995
1623161990832000,0,332.34047000,1.0000
1623162067158000,1,152.87846000,0.9992
1623162067158000,1,990.86141000,0.9992
1623162067158000,1,384.11409000,0.9992
1623162067158000,1,8472.14604000,0.9991
1623162209762000,1,1463.19865000,0.9994
1623162209762000,1,130.61661000,0.9992
1623162209762000,1,326.54153000,0.9992
1623162209762000,1,881.94726000,0.9992
1623162209762000,1,1197.69595000,0.9991
1623162325180000,0,267.40340000,1.0000
1623162325180000,0,332.00000000,1.0000
1623162355466000,1,144.89311000,0.9992
1623162355466000,1,961.24757000,0.9992
1623162355466000,1,144.89311000,0.9992
1623162355466000,1,330.15801000,0.9991
1623162355466000,1,334.19504000,0.9941
1623162355466000,1,84.61316000,0.9941
1623162380967000,1,1140.98176000,0.9994
1623162380967000,1,134.20926000,0.9994
1623162380967000,1,335.52315000,0.9994
1623162380967000,1,9389.28583000,0.9993
1623162463899000,0,480.63058000,1.0000
1623162501650000,0,404.18041000,1.0000
1623162501650000,0,1597.26900000,1.0000
1623162608294000,1,404.18041000,0.9994
1623162608294000,1,94.09052000,0.9994
1623162608294000,1,1501.72907000,0.9994
1623162724485000,1,101.96256000,0.9994
1623162724485000,1,244.11084000,0.9994
1623162724485000,1,102.54999000,0.9993
1623162724485000,1,551.37661000,0.9993
1623162747404000,1,97.44178000,0.9993
1623162747404000,1,243.60445000,0.9993
1623162747404000,1,958.95377000,0.9993
1623163046520000,0,587.81317000,0.9999
1623163046520000,0,178.26277000,0.9999
1623163350191000,0,100.65873000,0.9999
1623163372457000,1,95.55140000,0.9994
1623163372457000,1,109.21528000,0.9993
1623163372457000,1,273.03821000,0.9993
1623163372457000,1,178.32222000,0.9993
1623163372457000,1,610.71417000,0.9993
1623163372457000,1,709.89934000,0.9950
1623163372457000,1,691.00000000,0.9949
1623163372457000,1,1000.87459000,0.9948
1623163372457000,1,3377.76705000,0.9947
1623163372457000,1,818.18546000,0.9931
1623163475327000,0,495.31057000,0.9999
1623163554953000,1,109.54311000,0.9993
1623163554953000,1,273.85778000,0.9993
1623163554953000,1,100.72734000,0.9992
1623163554953000,1,700.82206000,0.9992
1623163554953000,1,8815.04971000,0.9991
1623163659092000,1,161.04857000,0.9994
1623163659092000,1,402.62143000,0.9994
1623163659092000,1,1139.99999000,0.9994
1623163659092000,1,296.33001000,0.9992
1623163671957000,0,92.50260000,0.9999
1623163671957000,0,157.12746000,0.9999
1623163705653000,1,155.18500000,0.9992
1623163705653000,1,391.87766000,0.9992
1623163705653000,1,685.02993000,0.9992
1623163705653000,1,750.51322000,0.9992
1623163705653000,1,17.39419000,0.9991
1623163736168000,1,142.60807000,0.9992
1623163736168000,1,356.52017000,0.9992
1623163736168000,1,625.44819000,0.9992
1623163736168000,1,948.35943000,0.9992
1623163736168000,1,927.06414000,0.9991
1623163989165000,1,100.65873000,0.9992
1623164105865000,0,599.87254000,0.9999
1623164105865000,0,9000.00000000,0.9999
1623164105865000,0,209196.39532000,0.9999
1623164214004000,0,4600.34358000,0.9999
1623164214004000,0,691.00000000,0.9999
1623164214004000,0,2839.89094000,0.9999
1623164214004000,0,488.89325000,1.0000
1623164214004000,0,4493.99218000,1.0000
1623164214004000,0,5000.00000000,1.0000
1623164214004000,0,201.92877000,1.0001
1623164346997000,1,200.00000000,0.9995
1623164349405000,0,5000.00000000,1.0000
1623164349405000,0,5000.00000000,1.0000
1623164404658000,0,200.00000000,1.0001
1623164406645000,0,5000.00000000,1.0001
1623164461850000,0,367.98709000,1.0001
1623164465660000,0,5000.00000000,1.0001
1623164465660000,0,5000.00000000,1.0001
1623164769057000,0,95.55140000,1.0001
1623164769057000,0,228.82974000,1.0001
1623164769057000,0,175.32725000,1.0001
1623164847668000,0,2477.45289000,1.0001
1623164847668000,0,5000.00000000,1.0001
1623164847668000,0,5000.00000000,1.0001
1623166135388000,0,249.98250000,1.0001
1623166135649000,1,5000.00000000,1.0001
1623166136100000,1,5000.00000000,1.0001
1623166153030000,0,2034.92006000,1.0001
1623166154276000,1,2271.00000000,1.0001
1623166156262000,1,5000.00000000,1.0001
1623166245147000,1,704.64750000,1.0001
1623166245422000,1,5000.00000000,1.0001
1623166245426000,1,704.63773000,1.0001
1623166248889000,1,917.94065000,1.0001
1623166268176000,0,131.45078000,1.0001
1623166349914000,1,35.13287000,1.0001
1623166350194000,1,5000.00000000,1.0001
1623166573408000,1,102.79999000,1.0001
1623166573695000,1,3074.33513000,1.0001
1623166731214000,1,8220.31280000,0.9997
1623166919633000,0,249.98750000,1.0000
1623166919633000,0,8220.31280000,1.0000
1623166919633000,0,5000.00000000,1.0000
1623166919633000,0,1925.66487000,1.0001
1623166919633000,0,2833.62916000,1.0001
1623166919633000,0,5000.00000000,1.0001
1623166919633000,0,599.94065000,1.0001
1623166919633000,0,4337.89361000,1.0001
1623166919633000,0,3035.76259000,1.0001
1623166919633000,0,1517.88129000,1.0001
1623166919633000,0,35272.46806000,1.0001
1623166919633000,0,32006.45947000,1.0001
1623167048130000,0,10020.00000000,1.0002
1623167365774000,0,276.91685000,1.0001
1623167369682000,0,276.91962000,1.0001
1623167373070000,0,61.07628000,1.0001
1623167388081000,0,319.11016000,1.0001
1623167403152000,1,143.55378000,0.9997
1623167449148000,0,294.06268000,1.0001
1623167452653000,0,294.07150000,1.0001
1623167456246000,0,294.06856000,1.0000
1623167459706000,0,314.71636000,1.0000
1623167619231000,0,11.28367000,1.0001
1623167619231000,0,175.86102000,1.0001
1623167677885000,0,1365.64093000,1.0001
1623167677885000,0,1506.74679000,1.0001
1623167691253000,0,1760.07030000,1.0001
1623168035111000,0,1733.18291000,1.0001
1623168035111000,0,4342.89394000,1.0001
1623168035111000,0,405.11156000,1.0001
1623168035111000,0,3457.80269000,1.0001
1623168143723000,0,2262.19144000,1.0001
1623168155274000,0,831.42589000,1.0001
1623168235599000,0,3548.68687000,1.0001
1623168239073000,1,599.02386000,0.9997
1623168239073000,1,300.97614000,0.9997
1623168244853000,0,1970.01683000,1.0001
1623168263906000,0,300.97614000,1.0000
1623168263906000,0,107.41737000,1.0001
1623168264796000,0,408.39759000,1.0001
1623168275579000,0,262.17556000,1.0000
1623168688667000,0,336.84830000,1.0000
1623168688667000,0,382.46199000,1.0001
1623168694063000,0,719.31029000,1.0001
1623169007836000,1,599.07109000,0.9997
1623169007836000,1,4438.90588000,0.9997
1623169080278000,0,4438.90588000,1.0000
1623169080278000,0,766.72971000,1.0001
1623169099376000,0,74.62463000,1.0001
1623169539913000,1,261.99335000,0.9997
1623169539913000,1,955.42664000,0.9997
1623169603494000,0,199.89999000,1.0000
1623169603494000,0,955.42664000,1.0000
1623169603494000,0,229.19637000,1.0001
1623170510647000,1,398.00000000,1.0000
1623170706157000,0,341.84522000,1.0001
1623170706157000,0,619.88724000,1.0001
1623170706157000,0,5000.00000000,1.0002
1623170706157000,0,1878.11995000,1.0002
1623170741212000,0,6910.85542000,1.0002
1623170748747000,0,5000.00000000,1.0002
1623170748747000,0,380.15778000,1.0002
1623170760364000,0,1813.22701000,1.0002
1623170800273000,0,303.33010000,1.0002
1623170801312000,0,303.33314000,1.0002
1623170801857000,0,303.33314000,1.0002
1623170802293000,0,303.33314000,1.0002
1623170802936000,0,303.33314000,1.0002
1623170863588000,0,3483.33734000,1.0002
1623170863588000,0,1473.69272000,1.0002
1623170867320000,0,1385.88646000,1.0002
1623170870788000,0,240.50704000,1.0002
1623170872344000,0,240.50704000,1.0002
1623170873423000,0,240.50704000,1.0002
1623170879806000,0,283.47891000,1.0002
1623170910672000,0,2373.45707000,1.0002
1623170921022000,1,62.96210000,1.0000
1623172127015000,1,160.80618000,1.0000
1623174866946000,1,278.39999000,1.0000
1623175692458000,0,4740.59380000,1.0001
1623175815979000,1,67.40034000,1.0000
1623176187054000,0,59.54766000,1.0001
1623177095750000,1,249.90717000,1.0000
1623177543818000,1,38.97135000,1.0000
1623177576362000,1,248.55157000,1.0000
1623177934997000,1,389.35485000,1.0000
1623177935130000,1,295.74944000,1.0000
1623178475014000,1,2000.00000000,1.0000
1623178529053000,1,876.23087000,1.0000
1623178546710000,0,218.37769000,1.0001
1623178565207000,0,369.26910000,1.0001
1623178572212000,0,120.76703000,1.0001
1623178927552000,0,380.54729000,1.0001
1623178931056000,0,181.97997000,1.0001
1623178938053000,0,1792.40816000,1.0001
1623178939494000,0,480.16556000,1.0001
1623178948002000,0,143.90288000,1.0001
1623178950541000,0,144.16280000,1.0001
1623179007338000,1,1004.69019000,1.0000
1623179914363000,1,1864.60114000,1.0000
1623179914871000,1,10301.61532000,1.0000
1623179920081000,1,5485.31318000,1.0000
1623179952537000,1,1864.60114000,1.0000
1623179952913000,1,10298.49721000,1.0000
1623180222265000,1,845.98700000,1.0000
1623180318673000,1,1782.90987000,1.0000
1623180497159000,0,1168.41952000,1.0001
1623180542670000,0,199.85854000,1.0001
1623180542670000,0,2351.00000000,1.0001
1623180542670000,0,841.69353000,1.0001
1623180567555000,0,1130.90821000,1.0001
1623180757848000,1,249.52852000,1.0000
1623180763662000,1,1635.10323000,1.0000
1623180778159000,1,1636.46203000,1.0000
1623180778676000,1,303.89352000,1.0000
1623181362754000,1,7013.88471000,1.0000
1623181465768000,1,53.00000000,1.0000
1623181885207000,1,68.44211000,1.0000
1623181947613000,1,1917.61822000,1.0000
1623181972260000,0,177.83961000,1.0001
1623182023840000,0,5000.00000000,1.0001
1623182060521000,0,3869.09179000,1.0001
1623182172762000,0,1158.30637000,1.0001
1623182172762000,0,235.65644000,1.0002
1623182172762000,0,499.99920000,1.0002
1623182172762000,0,14194.21332000,1.0002
1623182172762000,0,346.58948000,1.0002
1623182172762000,0,346.58948000,1.0002
1623182172762000,0,1416.69077000,1.0002
1623182173486000,1,5000.00000000,1.0002
1623182208613000,0,11339.81524000,1.0002
1623183583561000,1,1358.50861000,1.0000
1623183617014000,1,5547.60211000,1.0000
1623183712894000,1,1757.97941000,1.0000
1623183726800000,1,1757.97941000,1.0000
1623184141176000,0,250.00000000,1.0001
1623184141176000,0,1278.63323000,1.0001
1623184161221000,0,517.47000000,1.0001
1623184161249000,0,517.47000000,1.0001
1623184161254000,0,517.47000000,1.0001
1623184546025000,0,318.10637000,1.0001
1623184550345000,0,105.81756000,1.0001
1623184926106000,1,703.50000000,1.0001
1623185027716000,0,781.03284000,1.0001
1623185027716000,0,1582.92912000,1.0002
1623185027716000,0,5000.00000000,1.0002
1623185027716000,0,13963.93448000,1.0002
1623186006108000,0,499.83924000,1.0002
1623186006108000,0,875.35624000,1.0002
1623186006108000,0,1499.68315000,1.0002
1623186006108000,0,2387.22475000,1.0002
1623186009657000,0,1270.41948000,1.0002
1623186014675000,0,1573.36337000,1.0002
1623186014675000,0,1105.44265000,1.0002
1623186018344000,0,2255.70514000,1.0002
1623186996740000,0,101.18704000,1.0002
1623187635886000,1,812.79136000,1.0001
1623189180663000,1,483.70864000,1.0001
1623189180663000,1,1516.29136000,1.0000
1623189351440000,1,980.39820000,1.0000
1623189841135000,1,239.56975000,1.0000
1623190796734000,1,461.99397000,1.0000
1623190851659000,0,48.22010000,1.0001
1623191197074000,1,298.91771000,1.0000
1623191512553000,1,480.00000000,1.0000
1623193335204000,0,77.05973000,1.0002
1623193714163000,0,422.83457000,1.0002
1623193714163000,0,17900.68280000,1.0002
