timestamp ms,type,amount,price
1626222718604000,1,498.97637000,0.9999
1626224258684000,1,144.71588000,0.9999
1626225332179000,1,900.00000000,0.9998
1626225332295000,1,443.32999000,0.9998
1626225332321000,1,900.00000000,0.9998
1626225462956000,1,4378.25570000,0.9998
1626225462956000,1,3484.51846000,0.9998
1626225462956000,1,900.00000000,0.9998
1626225462956000,1,3171.90968000,0.9998
1626225985998000,1,900.00000000,0.9998
1626225985998000,1,1100.00000000,0.9998
1626226121619000,0,249.86007000,1.0005
1626226177346000,1,251.14605000,0.9998
1626226177346000,1,249.86007000,0.9998
1626226177346000,1,598.99388000,0.9998
1626226364757000,1,180.51142000,0.9998
1626226364757000,1,219.48858000,0.9998
1626226989682000,0,174.36436000,1.0000
1626227202159000,0,167.95110000,1.0000
1626227796659000,0,257.68454000,1.0000
1626227796659000,0,437.80571000,1.0004
1626228186880000,1,135.08718000,0.9998
1626228386505000,1,2983.66685000,0.9998
1626228387070000,1,96.02692000,0.9998
1626228483793000,1,365.45418000,0.9998
1626228740281000,1,330.89951000,0.9998
1626228795408000,1,270.38290000,0.9998
1626228800090000,1,333.75335000,0.9998
1626229500797000,0,600.00000000,1.0000
1626229500797000,0,1779.54542000,1.0003
1626232913415000,0,878.82926000,1.0000
1626232913415000,0,9000.00000000,1.0003
1626232913415000,0,113.23716000,1.0003
1626233074851000,1,193.97876000,0.9999
1626235288136000,0,101.06029000,1.0001
1626235547608000,1,250.07810000,0.9999
1626235667693000,1,250.08399000,0.9998
1626235787727000,1,250.08693000,0.9999
1626235907733000,1,250.08693000,0.9999
1626236027954000,1,250.08988000,0.9999
1626236268010000,1,249.98325000,0.9998
1626236325217000,1,5000.00000000,0.9998
1626236325217000,1,900.00000000,0.9998
1626236325217000,1,9000.00000000,0.9998
1626236325217000,1,4666.24665000,0.9998
1626236325217000,1,423.75335000,0.9998
1626236388101000,1,249.97983000,0.9998
1626236508120000,1,250.10886000,0.9998
1626236628198000,1,249.99078000,0.9998
1626236748207000,1,249.99373000,0.9998
1626236852404000,1,61.34900000,0.9998
1626236852404000,1,97.88551000,0.9998
1626236988310000,1,250.13634000,0.9998
1626237108440000,1,250.13929000,0.9998
1626237228591000,1,250.18686000,0.9998
1626237276684000,1,131.59542000,0.9998
1626237348554000,1,250.11414000,0.9998
1626237468704000,1,250.02496000,0.9998
1626237708682000,1,250.03085000,0.9998
1626237828800000,1,250.03380000,0.9998
1626238008819000,1,250.03675000,0.9998
1626238084522000,1,1343.19140000,0.9998
1626238128874000,1,250.05832000,0.9998
1626238248915000,1,250.05915000,0.9998
1626238369009000,1,153.00181000,0.9998
1626238489256000,1,50.97784000,0.9997
1626238489256000,1,50.31012000,0.9996
1626238489256000,1,50.56478000,0.9995
1626238489256000,1,98.20641000,0.9995
1626238609249000,1,250.06976000,0.9997
1626238782524000,1,455.24852000,0.9997
1626238849269000,1,23.89600000,0.9998
1626238849269000,1,226.18152000,0.9997
1626239864542000,1,21.59900000,0.9997
1626239864542000,1,182.11607000,0.9997
1626240001272000,0,250.05001000,0.9999
1626240001272000,0,803.61354000,0.9999
1626241811526000,0,77.38792000,1.0002
1626242270095000,1,45.69968000,0.9999
1626242435967000,0,250.01500000,1.0001
1626242435967000,0,600.00000000,1.0001
1626242435967000,0,9000.00000000,1.0004
1626242435967000,0,2972.44251000,1.0004
1626242435967000,0,50.31012000,1.0005
1626242435967000,0,555.99895000,1.0008
1626242435967000,0,555.75892000,1.0008
1626242435967000,0,1005.50208000,1.0009
1626242452088000,1,77.76100000,1.0003
1626243250846000,1,23.59823000,1.0000
1626244379031000,0,600.00000000,1.0002
1626244379031000,0,4198.41789000,1.0004
1626244379031000,0,3214.79580000,1.0005
1626244379031000,0,6964.48651000,1.0009
1626244472958000,1,80.74600000,1.0002
1626244570881000,1,45.84700000,1.0002
1626245014554000,0,500.00000000,1.0005
1626245213703000,1,9000.00000000,1.0000
1626245213703000,1,13000.00000000,0.9999
1626245262227000,0,100.00000000,1.0005
1626245262227000,0,2254.00000000,1.0005
1626245944274000,0,218.34120000,1.0002
1626245949501000,1,218.31279000,1.0000
1626245964809000,0,381.65880000,1.0002
1626245964809000,0,6746.00000000,1.0005
1626245964809000,0,2439.04957000,1.0005
1626245964809000,0,80.70200000,1.0008
1626245964809000,0,20352.58963000,1.0009
1626246004565000,0,218.31279000,1.0009
1626246004565000,0,723.98715000,1.0009
1626246004565000,0,1911.70006000,1.0009
1626246163280000,1,6983.47479000,1.0000
1626246163280000,1,2992.52921000,0.9999
1626246298516000,0,108.37300000,1.0002
1626247199676000,0,108.37412000,1.0002
1626249350034000,1,6967.08142000,1.0000
1626249350034000,1,2520.21858000,0.9999
1626249576084000,0,491.62700000,1.0002
1626249576084000,0,6983.47479000,1.0004
1626249576084000,0,2029.91229000,1.0005
1626249576084000,0,42.08900000,1.0008
1626249576084000,0,3506.08812000,1.0009
1626249576084000,0,1177.89509000,1.0009
1626249576084000,0,12285.21852000,1.0009
1626249576084000,0,2943.05831000,1.0012
1626249576084000,0,22339.13284000,1.0012
1626249576084000,0,10000.00000000,1.0012
1626249576084000,0,7652.20587000,1.0014
1626249576084000,0,32.40600000,1.0017
1626249576084000,0,50.56478000,1.0022
1626249576084000,0,50.93019000,1.0025
1626249576084000,0,1111.01109000,1.0029
1626249576084000,0,10662.20170000,1.0030
1626249576084000,0,6467.06538000,1.0030
1626249576084000,0,12285.21852000,1.0030
1626249576084000,0,8632.00000000,1.0038
1626249576084000,0,7598.22042000,1.0040
1626249576084000,0,1120.00000000,1.0040
1626249576084000,0,11813.20858000,1.0047
1626249576084000,0,1111.01109000,1.0047
1626249576084000,0,8339.81361000,1.0047
1626249576084000,0,50.97784000,1.0050
1626249576084000,0,157.00000000,1.0050
1626249576084000,0,3799.00000000,1.0052
1626249576084000,0,4443.47426000,1.0054
1626249576084000,0,9823.00000000,1.0055
1626249576084000,0,4793.53077000,1.0060
1626249576084000,0,5711.19534000,1.0060
1626249576084000,0,7598.22042000,1.0065
1626249576084000,0,4442.49407000,1.0070
1626249576084000,0,19710.42987000,1.0075
1626249806699000,0,600.00000000,1.0002
1626249806699000,0,6967.08142000,1.0005
1626249806699000,0,3002.80873000,1.0005
1626249806812000,1,402.44815000,1.0005
1626249807801000,1,402.44815000,1.0005
1626249808784000,1,402.26926000,1.0005
1626249809786000,1,421.90106000,1.0005
1626249810788000,1,421.90106000,1.0005
1626249811785000,1,421.90106000,1.0005
1626249812866000,1,421.90106000,1.0005
1626249813795000,1,421.90106000,1.0005
1626249814989000,1,421.90106000,1.0005
1626249816007000,1,421.90106000,1.0005
1626249817013000,1,421.90106000,1.0005
1626249817989000,1,421.90106000,1.0005
1626249819013000,1,422.04265000,1.0005
1626249820026000,1,422.04265000,1.0005
1626249821021000,1,422.04265000,1.0005
1626249821998000,1,422.04265000,1.0005
1626249822994000,1,420.73274000,1.0005
1626249823995000,1,412.98923000,1.0005
1626249824459000,1,2680.99789000,1.0005
1626249825634000,1,385.75645000,1.0005
1626249827534000,1,378.65667000,1.0005
1626249828551000,1,356.17781000,1.0005
1626249829536000,1,369.25423000,1.0005
1626249830528000,1,369.25423000,1.0005
1626249831534000,1,362.45817000,1.0005
1626249832562000,1,362.45817000,1.0005
1626249833538000,1,355.78720000,1.0005
1626249834558000,1,355.78720000,1.0005
1626249835540000,1,355.78720000,1.0005
1626249836534000,1,355.78720000,1.0005
1626249837557000,1,359.28411000,1.0005
1626249847125000,1,9999.99999000,1.0009
1626249847667000,1,9999.99999000,1.0009
1626249848221000,1,9258.55766000,1.0009
1626250652697000,1,67.85875000,1.0000
1626251191186000,1,2868.86885000,1.0000
1626252518822000,1,56.58692000,1.0001
1626253717039000,1,32.32661000,1.0000
1626253796035000,1,845.89262000,1.0000
1626253800289000,1,264.14022000,1.0000
1626254284403000,0,157.00000000,1.0002
1626254284403000,0,600.00000000,1.0002
1626254340718000,0,1070.25343000,1.0005
1626254344216000,0,7929.74657000,1.0005
1626254344216000,0,2838.73834000,1.0005
1626254344216000,0,1422.37350000,1.0006
1626254392226000,0,2247.66556000,1.0005
1626254397259000,0,2197.13852000,1.0005
1626254397259000,0,1834.61592000,1.0006
1626254414790000,0,963.04416000,1.0006
1626254425299000,0,567.75310000,1.0005
1626255098944000,0,297.33646000,1.0006
1626255193516000,1,156.99999000,1.0000
1626255193594000,1,0.00001000,1.0000
1626255193594000,1,1342.99998000,1.0000
1626255197707000,1,680.51533000,1.0000
1626255638483000,1,3240.41894000,1.0000
1626255638662000,1,3736.06575000,1.0000
1626255638662000,1,599.00000000,1.0000
1626255638662000,1,599.00000000,1.0000
1626255638662000,1,5982.84149000,0.9999
1626255638772000,1,1729.02725000,0.9999
1626255638772000,1,4014.37477000,0.9999
1626255638881000,1,1729.02726000,0.9999
1626255638881000,1,1511.39168000,0.9999
1626255639077000,1,431.99998000,0.9999
1626255639195000,1,5697.20221000,0.9999
1626255639496000,1,12213.93449000,0.9999
1626255643904000,1,3240.41894000,0.9999
1626255644158000,1,498.76494000,0.9999
1626255644317000,1,1999.99997000,0.9999
1626255644468000,1,1051.00558000,0.9999
1626255669898000,1,1499.99998000,0.9999
1626255674566000,1,57.26196000,0.9999
1626255806584000,1,2493.96341000,0.9999
1626256073663000,1,297.04751000,1.0000
1626256076719000,1,602.95248000,1.0000
1626256076829000,1,900.00000000,0.9999
1626256076829000,1,429.04750000,0.9999
1626256085962000,1,431.97022000,1.0000
1626256095101000,1,431.98904000,1.0000
1626256098329000,1,899.99999000,1.0000
1626256098434000,1,0.00001000,1.0000
1626256098434000,1,899.99998000,0.9999
1626256105015000,1,431.97886000,1.0000
1626256110183000,1,431.98318000,1.0000
1626256113274000,1,899.99997000,0.9999
1626256113397000,1,0.00003000,0.9999
1626256113397000,1,472.44043000,0.9999
1626256113397000,1,127.48848000,0.9999
1626256435346000,1,250.02000000,0.9999
1626256675390000,1,250.02250000,0.9999
1626256795568000,1,250.02500000,0.9999
1626256915482000,1,250.02500000,0.9999
1626257035537000,1,250.02500000,0.9999
1626257155579000,1,250.02500000,0.9999
1626257270767000,0,497.69724000,1.0005
1626257275671000,1,250.02500000,0.9999
1626257515975000,1,248.54282000,0.9999
1626257635931000,1,250.02250000,0.9999
1626257755981000,1,250.02500000,0.9999
1626257875965000,1,250.02500000,0.9999
1626257996045000,1,250.02500000,0.9999
1626258205878000,1,3286.45325000,0.9999
1626258205878000,1,6151.04673000,0.9999
1626258236103000,1,250.02500000,0.9999
1626258356169000,1,250.02500000,0.9999
1626258476267000,1,250.02500000,0.9999
1626258596319000,1,250.02000000,0.9999
1626258716378000,1,250.02500000,0.9999
1626258956439000,1,250.02500000,0.9999
1626259076502000,1,250.02500000,0.9999
1626259196530000,1,250.02500000,0.9999
1626259316581000,1,250.02500000,0.9999
1626259393448000,1,4133.96679000,0.9999
1626259393448000,1,756.59598000,0.9998
1626259393448000,1,5000.00000000,0.9998
1626259393448000,1,51.04021000,0.9998
1626259393448000,1,6484.66147000,0.9998
1626259393448000,1,4444.00000000,0.9998
1626259393448000,1,4444.00000000,0.9998
1626259393448000,1,1111.00000000,0.9998
1626259393448000,1,1111.00000000,0.9998
1626259393448000,1,7977.08427000,0.9998
1626259393448000,1,59969.28124000,0.9997
1626259436672000,1,250.02500000,0.9998
1626259676778000,1,250.05751000,0.9998
1626259688448000,1,680.70724000,0.9999
1626259688448000,1,65.28048000,0.9998
1626259796767000,1,250.03250000,0.9999
1626259898135000,0,680.70724000,0.9999
1626259898135000,0,250.05751000,0.9999
1626260036861000,1,250.03000000,0.9999
1626260040914000,1,349.97000000,0.9999
1626260041080000,1,1149.36198000,0.9998
1626260156904000,1,250.04500000,0.9999
1626260276956000,1,250.03000000,0.9999
1626260397074000,1,250.03000000,0.9999
1626260517067000,1,250.03000000,0.9998
1626260552526000,1,349.97000000,0.9998
1626260552526000,1,641.06099000,0.9998
1626260637130000,1,250.04250000,0.9998
1626260705368000,1,30.50162000,0.9998
1626260757219000,1,250.04750000,0.9998
1626260877262000,1,250.04750000,0.9998
1626260997420000,1,250.04750000,0.9998
1626261117631000,1,250.04750000,0.9998
1626261357627000,1,250.04750000,0.9998
1626261466318000,0,112.72902000,1.0000
1626261477712000,1,250.04750000,0.9998
1626261597788000,1,250.04750000,0.9998
1626261717906000,1,250.04750000,0.9998
1626261837959000,1,250.04750000,0.9998
1626262078061000,1,250.04750000,0.9998
1626262141222000,1,428.55791000,0.9998
1626262141222000,1,33.44209000,0.9998
1626262198144000,1,250.04750000,0.9998
1626262318126000,1,250.05001000,0.9998
1626262558242000,1,250.04750000,0.9998
1626262678324000,1,250.04750000,0.9998
1626262918414000,1,250.04750000,0.9998
1626263008455000,1,250.04750000,0.9998
1626263038473000,1,250.04750000,0.9998
1626263058414000,1,4749.95250000,0.9998
1626263089732000,1,5000.00000000,0.9998
1626263148963000,1,4934.71952000,0.9998
1626263192471000,1,6665.01625000,0.9998
1626263192993000,0,5000.00000000,0.9998
1626263216686000,1,22019.06573000,0.9997
1626263216926000,0,5000.00000000,0.9997
1626263278514000,1,250.06501000,0.9997
1626263322626000,1,5000.00000000,0.9997
1626263361532000,1,51.21793000,0.9997
1626263361532000,1,50.33013000,0.9996
1626263361532000,1,158.45194000,0.9995
1626263398605000,1,250.06501000,0.9997
1626263406754000,1,4749.93499000,0.9997
1626263497954000,1,1827.46556000,0.9996
1626263857639000,1,272.11000000,0.9996
1626263923305000,0,250.11004000,1.0000
1626263923305000,0,9000.00000000,1.0000
1626263923305000,0,900.00000000,1.0000
1626263923305000,0,2123.11661000,1.0002
1626263923305000,0,50.33013000,1.0005
1626263923305000,0,750.16001000,1.0008
1626263923305000,0,599.00000000,1.0009
1626263923305000,0,12326.86268000,1.0009
1626263923305000,0,2252.67972000,1.0012
1626263923305000,0,599.00000000,1.0012
1626263923305000,0,10000.00000000,1.0012
1626263923305000,0,51.04021000,1.0025
1626263923305000,0,1111.00000000,1.0030
1626263923305000,0,12285.20852000,1.0030
1626263923305000,0,6665.01625000,1.0039
1626263923305000,0,6758.03915000,1.0039
1626263923305000,0,1111.00000000,1.0040
1626263923305000,0,8854.89323000,1.0040
1626263923305000,0,16367.48644000,1.0040
1626263923305000,0,1120.00000000,1.0045
1626263923305000,0,10761.43008000,1.0045
1626263923305000,0,51.21793000,1.0050
1626263923305000,0,1985.91750000,1.0050
1626263923305000,0,5743.40203000,1.0050
1626263923305000,0,157.00000000,1.0050
1626263923305000,0,24551.22966000,1.0050
1626263923305000,0,3799.00000000,1.0052
1626263923305000,0,4444.00000000,1.0057
1626263923305000,0,6484.66147000,1.0058
1626263923305000,0,20556.29500000,1.0058
1626263923305000,0,10009.99387000,1.0058
1626263923305000,0,24551.22965000,1.0060
1626263923305000,0,10009.99388000,1.0065
1626263923305000,0,5000.00000000,1.0070
1626263923305000,0,4444.00000000,1.0070
1626263923305000,0,5000.00000000,1.0070
1626263923305000,0,5000.00000000,1.0070
1626263923305000,0,21823.31525000,1.0070
1626263923305000,0,30660.00000000,1.0073
1626263923305000,0,4666.52664000,1.0073
1626263923305000,0,5587.25553000,1.0073
1626264014323000,0,900.00000000,1.0000
1626264019528000,0,900.00000000,1.0000
1626264267925000,1,5770.26932000,0.9999
1626264267925000,1,2229.73068000,0.9999
1626264688098000,0,900.00000000,1.0000
1626264688098000,0,819.53723000,1.0003
1626264736215000,0,900.00000000,1.0000
1626264757179000,1,272.11100000,0.9999
1626264770786000,0,900.00000000,1.0000
1626264811918000,0,421.13157000,1.0000
1626264962858000,0,900.00000000,1.0001
1626265006552000,0,900.00000000,1.0001
1626265590852000,0,900.00000000,1.0001
1626265685910000,0,359.50045000,1.0001
1626265796245000,0,900.00000000,1.0001
1626265877407000,1,440.00000000,1.0000
1626266698509000,1,210.65421000,1.0000
1626266698636000,1,110.49016000,1.0000
1626266766311000,0,4684.53679000,1.0004
1626266766311000,0,900.00000000,1.0004
1626266766311000,0,2126.11582000,1.0005
1626266766311000,0,10000.00000000,1.0012
1626266766311000,0,1120.00000000,1.0050
1626266766311000,0,6663.39723000,1.0070
1626266766311000,0,2193.73342000,1.0070
1626266869513000,0,1139.03329000,1.0012
1626266869513000,0,5372.04514000,1.0012
1626267249310000,1,100.00000000,1.0000
1626267394419000,1,350.92901000,1.0000
1626267394419000,1,899.07099000,1.0000
1626268200091000,1,138.86008000,1.0002
1626268278107000,0,522.36005000,1.0008
1626268298470000,0,376.71094000,1.0008
1626268298470000,0,1960.29362000,1.0008
1626268373848000,1,1197.11142000,1.0005
1626268448893000,1,107.94416000,1.0002
1626268450896000,1,115.18898000,1.0002
1626268451910000,1,116.10984000,1.0002
1626268453936000,1,127.57675000,1.0002
1626268454908000,1,127.57675000,1.0002
1626268455910000,1,137.39280000,1.0002
1626268456903000,1,137.39280000,1.0002
1626268624507000,0,625.31240000,1.0010
1626268624507000,0,501.01118000,1.0011
1626268629326000,1,516.34123000,1.0001
1626268629326000,1,484.65877000,1.0001
1626268854163000,1,9000.00000000,1.0001
1626268854163000,1,3799.00000000,1.0001
1626268854163000,1,600.00000000,1.0001
1626268854163000,1,3095.07190000,1.0001
1626268854163000,1,967.40893000,1.0000
1626269835493000,0,547.59084000,1.0009
1626270735918000,1,5011.97608000,1.0006
1626270767931000,1,9999.99999000,1.0009
1626270768428000,1,9999.99999000,1.0009
1626270768956000,1,9999.99999000,1.0009
1626270769545000,1,9999.99999000,1.0009
1626270770085000,1,5420.63250000,1.0009
1626271087151000,0,399.92234000,1.0009
1626271124295000,1,399.92234000,1.0001
1626272522137000,0,233.18503000,1.0009
1626272604677000,0,2658.45446000,1.0009
1626272604849000,0,558.03180000,1.0009
1626272621413000,0,2701.86780000,1.0009
1626272828180000,0,771.96270000,1.0009
1626273067962000,0,245.70985000,1.0009
1626273626086000,1,150.00000000,1.0004
1626274123957000,0,6929.83237000,1.0010
1626274123957000,0,2774.06260000,1.0010
1626274123957000,0,10000.00000000,1.0012
1626274123957000,0,450.92901000,1.0038
1626274123957000,0,6192.23815000,1.0038
1626274123957000,0,9231.00000000,1.0040
1626274123957000,0,3250.00000000,1.0040
1626274123957000,0,1120.00000000,1.0047
1626274123957000,0,8256.31753000,1.0047
1626274123957000,0,9288.35723000,1.0055
1626274123957000,0,3799.00000000,1.0060
1626274123957000,0,9288.35724000,1.0062
1626274123957000,0,2164.52035000,1.0068
1626274123957000,0,6511.07843000,1.0068
1626274123957000,0,5000.00000000,1.0070
1626274123957000,0,15744.30709000,1.0070
1626275254924000,1,9999.99999000,1.0009
1626275255623000,1,9999.99999000,1.0009
1626275256149000,1,9000.00000000,1.0009
1626275256149000,1,999.99999000,1.0009
1626275256762000,1,9999.99999000,1.0009
1626275257301000,1,9999.99999000,1.0009
1626275257902000,1,1417.20542000,1.0009
1626277387227000,1,4947.93374000,1.0005
1626277387227000,1,15842.78860000,1.0005
1626277387227000,1,4753.88123000,1.0004
1626277387227000,1,3799.00000000,1.0004
1626277387227000,1,1120.00000000,1.0003
1626277387227000,1,600.00000000,1.0002
1626277387227000,1,158.00000000,1.0001
1626277387227000,1,1579.30420000,1.0000
1626277387227000,1,599.23400000,1.0000
1626277387227000,1,20556.00000000,1.0000
1626277387227000,1,6052.61627000,1.0000
1626279880506000,1,100.00000000,1.0005
1626280508781000,1,599.78683000,1.0005
1626280596882000,1,265.40913000,1.0005
1626280597891000,1,265.40913000,1.0005
1626282070698000,0,169.71477000,1.0012
1626282110172000,1,170.78739000,1.0005
1626282110172000,1,78.92045000,1.0005
1626282230190000,1,249.70784000,1.0005
1626282350363000,1,249.87506000,1.0005
1626282384711000,1,145.83635000,1.0005
1626282389699000,1,144.80941000,1.0005
1626282390697000,1,142.14418000,1.0005
1626282391696000,1,139.52801000,1.0005
1626282392703000,1,139.52801000,1.0005
1626282406516000,1,140.44119000,1.0005
1626282407499000,1,137.85635000,1.0005
1626282416503000,1,138.58024000,1.0005
1626282417741000,1,138.58024000,1.0005
1626282418747000,1,138.58024000,1.0005
1626282470314000,1,249.87506000,1.0005
1626282590371000,1,249.87506000,1.0005
1626282710444000,1,249.87506000,1.0005
1626282788329000,0,483.44678000,1.0011
1626282830532000,1,249.87506000,1.0005
1626282871556000,1,490.74805000,1.0005
1626283070603000,1,249.87506000,1.0005
1626283190737000,1,249.87506000,1.0005
1626283310768000,1,249.87506000,1.0005
1626283430885000,1,249.87506000,1.0005
1626283550981000,1,249.87506000,1.0005
1626283791066000,1,249.87506000,1.0005
1626283911142000,1,249.87506000,1.0005
1626284031227000,1,249.87506000,1.0005
1626284151267000,1,249.87506000,1.0005
1626284271280000,1,249.87506000,1.0005
1626284369200000,1,2000.00000000,1.0005
1626284420718000,0,249.87506000,1.0012
1626284420718000,0,1661.51299000,1.0012
1626284631446000,1,249.70784000,1.0005
1626284751485000,1,249.87006000,1.0005
1626284871604000,1,249.87006000,1.0005
1626284908571000,0,74.76786000,1.0012
1626284977087000,1,100.00000000,1.0005
1626284991652000,1,249.87006000,1.0005
1626285111691000,1,249.87006000,1.0005
1626285201561000,1,312.72929000,1.0005
1626285201561000,1,1687.27071000,1.0005
1626285351866000,1,249.87506000,1.0005
1626285471892000,1,249.87506000,1.0005
1626285591936000,1,249.87506000,1.0005
1626285642269000,1,959.81042000,1.0005
1626285712015000,1,249.87506000,1.0005
1626285744969000,0,174.20075000,1.0011
1626285832092000,1,249.87506000,1.0005
1626285884214000,1,247.99921000,1.0005
1626285885211000,1,243.43477000,1.0005
1626285886215000,1,243.43477000,1.0005
1626285887198000,1,243.43477000,1.0005
1626285888219000,1,243.43477000,1.0005
1626285889216000,1,238.95433000,1.0005
1626285890251000,1,238.95433000,1.0005
1626285891221000,1,238.95433000,1.0005
1626285892205000,1,238.95433000,1.0005
1626285893206000,1,238.95433000,1.0005
1626285941728000,1,2522.36253000,1.0005
1626285941734000,1,394.88374000,1.0005
1626285941890000,1,2522.36253000,1.0005
1626285942001000,1,167.50964000,1.0005
1626285942046000,1,2522.36253000,1.0005
1626285942067000,1,20211.87695000,1.0005
1626285942204000,1,2522.36253000,1.0004
1626285942285000,1,443.99998000,1.0004
1626285942377000,1,286.83816000,1.0004
1626285942397000,1,2361.09113000,1.0004
1626285942538000,1,531.01990000,1.0004
1626285942538000,1,900.00000000,1.0002
1626285942538000,1,1091.34263000,1.0000
1626285942718000,1,900.00000000,1.0000
1626285942718000,1,25.65737000,1.0000
1626285942718000,1,1596.70516000,1.0000
1626285942873000,1,2522.36253000,1.0000
1626285943050000,1,2522.36253000,1.0000
1626285943163000,1,2087.09000000,1.0000
1626285943183000,1,2522.36253000,1.0000
1626285943357000,1,2522.36220000,1.0000
1626285943505000,1,1209.28712000,1.0000
1626285943762000,1,900.00000000,1.0000
1626285943762000,1,417.32740000,1.0000
1626285943921000,1,2522.36220000,1.0000
1626285944065000,1,951.63567000,1.0000
1626285944194000,1,1086.79511000,1.0000
1626285944368000,1,2522.36220000,1.0000
1626285944514000,1,2522.36220000,1.0000
1626285944645000,1,112.61239000,1.0000
1626285944789000,1,1317.32740000,1.0000
1626285944960000,1,2522.36220000,1.0000
1626285945099000,1,2522.36220000,1.0000
1626285945234000,1,1209.28745000,1.0000
1626285945380000,1,2522.36220000,1.0000
1626285945518000,1,2522.36220000,1.0000
1626285945714000,1,2522.36220000,1.0000
1626285945847000,1,2522.36220000,1.0000
1626285945991000,1,1100.92180000,1.0000
1626285946129000,1,0.55091000,1.0000
1626285946129000,1,499.20885000,1.0000
1626285946292000,1,0.25040000,1.0000
1626285946292000,1,2522.11180000,0.9999
1626285946416000,1,7787.82092000,0.9999
1626285946430000,1,2114.50117000,0.9999
1626285946568000,1,2522.36220000,0.9999
1626285946711000,1,2522.36220000,0.9999
1626285946846000,1,2522.36220000,0.9999
1626285946984000,1,2522.36220000,0.9999
1626285947063000,1,395.19822000,0.9999
1626285947119000,1,2522.36220000,0.9999
1626285947292000,1,255.94617000,0.9999
1626285947421000,1,2522.36220000,0.9999
1626285947606000,1,2450.24852000,0.9999
1626285947606000,1,72.11368000,0.9999
1626285947742000,1,2522.36220000,0.9999
1626285947871000,1,1804.92890000,0.9999
1626285948005000,1,717.42375000,0.9999
1626285948144000,1,599.90365000,0.9999
1626285948309000,1,991.96160000,0.9999
1626285948309000,1,1530.40060000,0.9999
1626285948456000,1,1945.43222000,0.9999
1626285948456000,1,576.92998000,0.9999
1626285948584000,1,1560.77082000,0.9999
1626285948726000,1,717.42375000,0.9999
1626285948854000,1,1587.37096000,0.9999
1626285949006000,1,0.79438000,0.9999
1626285949006000,1,2521.56782000,0.9999
1626285949154000,1,2522.36220000,0.9999
1626285949321000,1,2522.36220000,0.9999
1626285949469000,1,2522.36220000,0.9999
1626285949660000,1,2211.34558000,0.9999
1626285949660000,1,311.01662000,0.9999
1626285949807000,1,2522.36220000,0.9999
1626285949999000,1,2522.36220000,0.9999
1626285950135000,1,2522.36220000,0.9999
1626285950194000,0,395.32636000,1.0002
1626285950194000,0,135.56077000,1.0002
1626285950194000,0,5614.48600000,1.0002
1626285950275000,1,2522.36220000,0.9999
1626285950405000,1,1953.52277000,0.9999
1626285950545000,1,0.97730000,0.9999
1626285950545000,1,452.38454000,0.9998
1626285950710000,1,0.22693000,0.9998
1626285950710000,1,786.96478000,0.9998
1626285950846000,1,2522.36220000,0.9998
1626285950989000,1,1690.67302000,0.9998
1626285950989000,1,50.28909000,0.9998
1626285951118000,1,0.87114000,0.9998
1626285951118000,1,51.46801000,0.9997
1626285951118000,1,1147.86335000,0.9997
1626285951244000,1,2522.36220000,0.9997
1626285951384000,1,1106.02249000,0.9997
1626285951517000,1,0.55384000,0.9997
1626285951517000,1,2521.80836000,0.9996
1626285951641000,1,5014.46536000,0.9996
1626285955731000,0,900.00000000,1.0001
1626285957398000,0,900.00000000,1.0001
1626285959043000,0,200.00000000,1.0001
1626286546622000,1,899.89498000,0.9996
1626286890430000,1,5876.02337000,0.9997
1626286890430000,1,4038.97663000,0.9997
1626288564059000,0,900.00000000,0.9999
1626288564059000,0,8334.92474000,1.0002
1626288564059000,0,4669.53667000,1.0002
1626288564059000,0,1182.60845000,1.0009
1626288564059000,0,1308.87252000,1.0009
1626288756502000,1,67.65789000,0.9998
1626289930406000,1,305.09360000,1.0000
1626293500965000,1,115.34030000,1.0000
1626294995975000,1,23.91379000,1.0000
1626296336741000,1,83.34811000,1.0000
1626297094832000,1,114.51207000,1.0000
1626298976217000,1,250.02110000,1.0000
1626299237328000,0,68.90041000,1.0002
1626299800222000,0,303.85108000,1.0002
1626299800222000,0,900.00000000,1.0002
1626299800222000,0,30.68633000,1.0005
1626300466484000,1,12.86463000,1.0000
1626300466484000,1,515.55228000,0.9998
1626301024556000,1,1190.36297000,0.9998
1626301719585000,1,230.36671000,0.9998
1626302036006000,1,149.42994000,0.9998
1626303843366000,0,237.23422000,1.0006
1626304608020000,0,237.23659000,1.0006
1626304754835000,1,69.01922000,0.9998
1626305339152000,1,6845.26888000,0.9998
1626305339152000,1,3138.33521000,0.9998
1626306613114000,0,80.61909000,1.0006
1626308093955000,1,1249.89721000,0.9998
1626308094285000,1,4175.29488000,0.9998
1626308094285000,1,769.13408000,0.9998
1626308243476000,1,82.29519000,0.9998
1626308243476000,1,11.64611000,0.9998
1626308340581000,1,5371.41653000,0.9998
1626308340581000,1,1117.00000000,0.9998
1626308340581000,1,5000.00000000,0.9997
1626308340581000,1,1308.87252000,0.9997
1626308340581000,1,5598.64156000,0.9997
1626308340581000,1,5000.00000000,0.9997
1626308340581000,1,961.02337000,0.9997
1626308340581000,1,50.35014000,0.9996
1626308340581000,1,19984.25322000,0.9996
1626308340581000,1,8948.39729000,0.9996
1626308340581000,1,50.67483000,0.9995
1626308340581000,1,449.99430000,0.9994
1626308340581000,1,7694.83295000,0.9993
1626309120243000,1,250.16510000,0.9993
1626310680834000,1,250.00000000,1.0000
1626313841269000,1,2000.00000000,0.9997
1626313904546000,1,455.00000000,0.9997
1626314712762000,1,2545.00000000,0.9997
1626314712762000,1,6593.06897000,0.9997
1626314712762000,1,1117.00000000,0.9994
1626314712762000,1,33043.78803000,0.9994
1626314810826000,0,50.35014000,1.0005
1626314810826000,0,1909.27986000,1.0005
1626318199674000,1,40.61188000,1.0000
1626318747622000,1,116.62269000,1.0000
1626326736254000,1,1348.23326000,0.9999
1626330656362000,1,449.82000000,1.0003
1626330657701000,0,414.35000000,1.0003
1626330950641000,0,135.83000000,1.0003
1626330950641000,0,338.70221000,1.0006
1626332022162000,1,171.86000000,1.0004
1626332465397000,1,119.93399000,1.0001
1626333681111000,1,114.79200000,1.0001
1626333768877000,1,98.91200000,0.9999
1626333802548000,1,184.43600000,0.9999
1626335348613000,1,334.74400000,1.0004
1626335582920000,0,474.15657000,1.0003
1626338669906000,1,358.35100000,1.0001
1626341136723000,1,670.32900000,1.0001
1626341580175000,0,9000.00000000,1.0003
1626341580175000,0,665.25600000,1.0004
1626341580175000,0,25000.00000000,1.0006
1626341580175000,0,4974.63232000,1.0007
1626341580175000,0,1183.08485000,1.0009
1626341580175000,0,10991.12748000,1.0009
1626341580175000,0,1308.87252000,1.0009
1626341580175000,0,2957.71212000,1.0012
1626341580175000,0,20521.89402000,1.0012
1626341580175000,0,1111.00000000,1.0012
1626341580175000,0,7689.95649000,1.0012
1626341580175000,0,10000.00000000,1.0012
1626341580175000,0,12521.89401000,1.0022
1626341580175000,0,50.67483000,1.0022
1626341580175000,0,50.28909000,1.0025
1626341580175000,0,0.87114000,1.0025
1626341580175000,0,18749.34100000,1.0029
1626341580175000,0,5770.26932000,1.0029
1626341580175000,0,1111.00000000,1.0030
1626341580175000,0,12354.96549000,1.0030
1626341580175000,0,12338.23582000,1.0030
1626341580175000,0,1117.00000000,1.0038
1626341580175000,0,11667.64048000,1.0039
1626341580175000,0,1111.00000000,1.0040
1626341580175000,0,8104.30134000,1.0040
1626341580175000,0,16450.98109000,1.0040
1626341580175000,0,2746.15777000,1.0047
1626341602720000,1,399.50100000,1.0007
1626341630521000,1,287.51200000,1.0006
1626343441113000,1,259.32400000,1.0004
1626348296002000,1,24.75491000,1.0004
1626348476215000,1,262.05999000,1.0004
1626348508048000,1,23.75295000,1.0005
1626350678070000,1,385.38369000,1.0004
1626350678362000,1,85.90331000,1.0004
1626350678362000,1,299.48036000,1.0000
1626352696049000,0,299.48036000,1.0006
1626352696049000,0,484.63008000,1.0007
1626354485709000,1,341.54000000,1.0005
1626354485709000,1,9000.00000000,1.0000
1626354485709000,1,1117.00000000,1.0000
1626354485709000,1,150.51384000,1.0000
1626354485709000,1,299.58599000,1.0000
1626354485709000,1,449.99940000,1.0000
1626354485709000,1,5785.13925000,1.0000
1626354485709000,1,4856.22152000,0.9999
1626355676222000,1,325.09000000,1.0004
1626355873996000,1,316.42700000,1.0003
1626355873996000,1,1044.36014000,1.0000
1626355873996000,1,325.15975000,1.0000
1626355873996000,1,2397.09526000,0.9999
1626356194185000,1,107.84312000,1.0004
1626356847449000,1,165.71400000,1.0004
1626356847449000,1,121.30954000,1.0000
1626356847449000,1,622.86807000,0.9999
1626357110365000,0,325.15975000,1.0006
1626357110365000,0,125.02043000,1.0006
1626357110365000,0,1466.14048000,1.0006
1626361109984000,1,538.08700000,1.0004
1626361109984000,1,606.30603000,1.0000
1626361247380000,1,414.95500000,1.0004
1626361247380000,1,860.35997000,1.0000
1626361247380000,1,450.34801000,1.0000
1626361247380000,1,483.10415000,1.0000
1626361247380000,1,8301.91253000,0.9999
1626362529211000,0,449.98880000,1.0006
1626362529211000,0,1369.59666000,1.0006
1626363711354000,0,450.34801000,1.0007
1626363711354000,0,9000.00000000,1.0007
1626363711354000,0,483.10415000,1.0007
1626363711354000,0,23000.00000000,1.0007
1626363783402000,1,270.00200000,1.0006
1626363895794000,1,190.54400000,1.0006
1626363985396000,1,139.08200000,1.0006
1626364075218000,1,494.56999000,1.0005
1626364106559000,1,347.70398000,1.0005
1626364149074000,1,156.26700000,1.0005
1626364610626000,0,3584.97806000,1.0008
1626364610626000,0,1181.12309000,1.0008
1626364620003000,1,106.10000000,1.0006
1626364710403000,1,89.84800000,1.0006
1626364801029000,1,81.50500000,1.0006
1626364822143000,1,450.73450000,1.0000
1626364822143000,1,790.05038000,1.0000
1626365316613000,1,321.86498000,1.0005
1626365412508000,1,201.00298000,1.0005
1626365513150000,1,27.92800000,1.0005
1626365513150000,1,449.98449000,1.0000
1626365513150000,1,1522.08749000,1.0000
1626365559376000,1,123.15798000,1.0004
1626365559486000,1,0.00002000,1.0004
1626365559486000,1,347.18468000,1.0000
1626367927637000,0,449.98449000,1.0007
1626367927637000,0,790.05038000,1.0007
1626367927637000,0,450.73450000,1.0007
1626367927637000,0,1180.18436000,1.0008
1626367927637000,0,347.18468000,1.0009
1626367927637000,0,7181.55790000,1.0010
1626367927637000,0,886.91479000,1.0015
1626368080934000,1,203.44800000,1.0005
1626368080934000,1,1616.13746000,1.0000
1626369695224000,1,8127.61153000,1.0009
1626370000314000,0,3138.22495000,1.0009
1626370000314000,0,1179.45339000,1.0009
1626370000314000,0,5088.57069000,1.0009
1626370000314000,0,2948.63347000,1.0011
1626370000314000,0,3360.00000000,1.0011
1626370000314000,0,4252.99995000,1.0015
1626370577468000,0,113.45239000,1.0009
1626370964165000,1,483.53549000,1.0000
1626370964165000,1,9000.00000000,1.0000
1626370964165000,1,451.15548000,1.0000
1626370964165000,1,449.99942000,1.0000
1626370964165000,1,10665.31769000,0.9999
1626371412426000,0,56.98957000,1.0006
1626372377280000,1,77.36911000,1.0000
1626372466022000,0,1242.28232000,1.0007
1626372808963000,0,7757.71768000,1.0007
1626372808963000,0,748.95966000,1.0008
1626372808963000,0,7632.89235000,1.0008
1626373136007000,0,561.51614000,1.0007
1626373136007000,0,77.36911000,1.0007
1626373136007000,0,6396.33651000,1.0008
1626373182377000,1,336.60695000,1.0002
1626373186073000,1,536.58762000,1.0002
1626373706648000,0,249.81263000,1.0008
1626373706648000,0,536.58762000,1.0008
1626373706648000,0,5051.69214000,1.0008
1626373719537000,0,60.31059000,1.0008
1626374036369000,0,6024.24479000,1.0008
1626376184538000,0,1179.83583000,1.0008
1626376184538000,0,243.25420000,1.0009
1626376354795000,0,39.25698000,1.0009
1626376791154000,1,400.00000000,1.0000
1626377334947000,0,114.80070000,1.0008
1626379015395000,0,285.19930000,1.0008
1626379015395000,0,5701.07953000,1.0008
1626380147139000,1,7000.00000000,1.0000
1626380748765000,1,993.23011000,1.0000
1626383491607000,1,2500.00000000,1.0000
1626383954768000,0,483.53549000,1.0007
1626383954768000,0,1129.47990000,1.0007
1626384062430000,1,483.53549000,1.0000
1626384157368000,1,1129.47990000,1.0000
1626384647551000,0,97.11516000,1.0007
1626384933813000,1,1765.90888000,1.0000
1626386130202000,0,2632.41600000,1.0007
1626387030204000,0,483.53549000,1.0007
1626387030204000,0,2148.88202000,1.0007
1626388697983000,0,483.98516000,1.0000
1626388839535000,0,900.00000000,1.0000
1626388892838000,0,840.00000000,1.0001
1626388909085000,0,756.00000000,1.0001
1626388920654000,0,681.00000000,1.0001
1626388931641000,0,155.04604000,1.0001
1626389053132000,0,34.82583000,1.0001
1626389080101000,0,75.34198000,1.0001
1626389251725000,1,185.44749000,1.0000
1626389633201000,0,826.94363000,1.0001
1626389633201000,0,2170.02051000,1.0007
1626389739409000,1,600.00000000,1.0000
1626389739409000,1,2043.41813000,0.9999
1626389739409000,1,1554.37796000,0.9999
1626390715639000,0,599.99999000,1.0001
1626392413225000,1,112.49157000,1.0000
1626392458548000,1,89.53168000,1.0000
1626392617482000,1,49.88198000,1.0000
1626393531223000,1,348.09477000,1.0000
