timestamp ms,type,amount,price
1626480254925000,1,198.78187000,0.9998
1626480254925000,1,147.21813000,0.9998
1626480548507000,1,162.39036000,1.0005
1626480611415000,1,47.75900000,1.0006
1626480718846000,1,899.99998000,1.0000
1626480721850000,1,899.99999000,1.0000
1626480721863000,1,0.00001000,1.0000
1626480721863000,1,899.99997000,1.0000
1626480902002000,1,0.00003000,1.0000
1626480902002000,1,3456.01337000,0.9998
1626480902145000,1,900.00000000,0.9998
1626480902145000,1,886.93247000,0.9998
1626480938863000,1,60.82413000,1.0000
1626480941622000,1,900.00000000,1.0000
1626480947366000,1,900.00000000,0.9999
1626480947395000,1,900.00000000,0.9999
1626480950878000,1,900.00000000,0.9998
1626480950906000,1,970.85157000,0.9998
1626480950946000,0,900.00000000,0.9998
1626480961479000,1,540.37603000,0.9999
1626480962332000,1,900.00000000,0.9999
1626480962344000,1,329.33784000,0.9998
1626481050217000,1,719.21109000,0.9999
1626481667254000,1,164.87634000,1.0003
1626481668334000,1,161.84181000,1.0003
1626481669420000,1,158.85993000,1.0003
1626481670535000,1,147.95636000,1.0003
1626481671684000,1,147.95636000,1.0003
1626481672759000,1,110.32920000,1.0003
1626481810872000,0,25.56800000,1.0004
1626481821139000,1,156.31272000,1.0003
1626481822208000,1,153.43583000,1.0003
1626481823272000,1,153.43583000,1.0003
1626481824339000,1,147.78746000,1.0003
1626481825407000,1,41.85516000,1.0003
1626481827841000,1,25.56800000,1.0000
1626481854598000,0,25.52803000,1.0004
1626482222146000,1,25.52803000,0.9999
1626482268967000,1,600.16524000,1.0000
1626485249712000,1,100.00000000,1.0003
1626486265360000,1,161.30156000,1.0003
1626486266444000,1,161.30156000,1.0003
1626486267562000,1,161.30156000,1.0003
1626486319259000,0,548.90397000,1.0004
1626486319259000,0,7.23769000,1.0007
1626486402203000,1,2829.60400000,1.0006
1626486520598000,1,149.42000000,1.0006
1626486975197000,1,40.09900000,1.0006
1626487250159000,1,92.10000000,0.9998
1626487399403000,1,124.50200000,1.0006
1626487609001000,1,57.27600000,1.0006
1626489118253000,0,9000.00000000,1.0007
1626489118253000,0,5702.57120000,1.0007
1626489690604000,1,239.77100000,1.0006
1626489808204000,1,179.67900000,1.0006
1626489923604000,1,64.07200000,1.0006
1626489962023000,1,21.85635000,1.0004
1626490018365000,0,34.21543000,1.0007
1626490018365000,0,4970.72600000,1.0008
1626490018365000,0,1180.04478000,1.0009
1626490018365000,0,1111.00000000,1.0009
1626490042798000,1,67.56700000,1.0007
1626490056338000,0,1179.54223000,1.0009
1626490082331000,1,249.78019000,1.0002
1626490202411000,1,249.96000000,1.0001
1626490209611000,1,900.00000000,1.0001
1626490209694000,1,762.77999000,1.0001
1626490551596000,1,317.85100000,1.0007
1626490614201000,1,100.99600000,1.0007
1626490737213000,1,26.79800000,1.0007
1626491125808000,1,183.48100000,1.0007
1626491163017000,1,249.83760000,1.0002
1626491283158000,1,249.95250000,1.0002
1626491403061000,1,187.57700000,1.0005
1626491485199000,1,335.08100000,1.0007
1626491523141000,1,249.83261000,1.0002
1626491576608000,1,31.64800000,1.0007
1626491643380000,1,249.83510000,1.0002
1626491763317000,1,44.37800000,1.0005
1626491763317000,1,205.45710000,1.0002
1626491883322000,1,249.95750000,1.0001
1626492003376000,1,22.53100000,1.0005
1626492003376000,1,227.43400000,1.0001
1626492122397000,1,267.89100000,1.0007
1626492123605000,1,249.96500000,1.0001
1626492243520000,1,249.96500000,1.0001
1626492294603000,1,105.11100000,1.0007
1626492363638000,1,249.83760000,1.0001
1626492418408000,1,54.29600000,1.0007
1626492478395000,1,43.40600000,1.0007
1626492483691000,1,249.83261000,1.0001
1626492603810000,1,249.83261000,1.0001
1626492684316000,1,721.39498000,1.0007
1626492684398000,1,0.00002000,1.0007
1626492723997000,1,31.89300000,1.0005
1626492723997000,1,218.07200000,1.0001
1626492775002000,1,23.09300000,1.0007
1626492837000000,1,414.96600000,1.0007
1626492843936000,1,249.88005000,1.0002
1626492896610000,1,90.34800000,1.0007
1626492963952000,1,249.83510000,1.0002
1626493084080000,1,249.95750000,1.0001
1626493204085000,1,249.96750000,1.0001
1626493324216000,1,249.96750000,1.0001
1626493444218000,1,249.96750000,1.0001
1626493743404000,1,430.77200000,1.0006
1626493925004000,1,92.09100000,1.0007
1626493986995000,1,34.65300000,1.0006
1626494437426000,1,1348.02700000,1.0006
1626494495802000,1,167.03500000,1.0007
1626494670599000,1,194.94200000,1.0007
1626494881203000,1,321.49100000,1.0006
1626494939798000,1,77.45000000,1.0006
1626495070807000,1,56.96400000,1.0006
1626495191598000,1,132.63100000,1.0007
1626495247800000,1,224.73100000,1.0007
1626495424976000,1,249.83510000,1.0001
1626495544961000,1,249.98250000,1.0001
1626495664960000,1,70.02800000,1.0005
1626495664960000,1,179.95450000,1.0001
1626495697996000,1,91.09100000,1.0006
1626495851401000,1,60.99400000,1.0006
1626496003725000,1,100.00000000,1.0001
1626496121214000,1,57.52000000,1.0007
1626496212689000,1,821.45498000,1.0004
1626496242000000,1,178.28400000,1.0006
1626497068074000,1,447.07425000,1.0002
1626497779918000,1,3672.42157000,1.0006
1626497805401000,1,4683.28000000,1.0007
1626497894210000,1,23.68800000,1.0007
1626498183798000,1,4137.79490000,1.0002
1626498216123000,1,900.00000000,1.0000
1626498216143000,0,900.00000000,0.9999
1626498283576000,1,900.00000000,1.0002
1626498410433000,1,900.00000000,1.0001
1626498410433000,1,900.00000000,1.0001
1626498441519000,1,29.39100000,1.0005
1626498441519000,1,900.00000000,1.0001
1626498441608000,0,900.00000000,1.0001
1626498499328000,1,49.12100000,1.0005
1626498499328000,1,900.00000000,1.0001
1626498499429000,0,900.00000000,1.0001
1626498536968000,1,31.90500000,1.0004
1626498536968000,1,900.00000000,1.0001
1626498725672000,1,250.00000000,1.0000
1626498845587000,1,250.00250000,1.0000
1626499049824000,1,250.78000000,1.0001
1626499422042000,1,675.64300000,1.0002
1626499453319000,1,900.00000000,1.0001
1626499488402000,1,900.00000000,1.0001
1626499865940000,1,249.98000000,0.9999
1626500791026000,1,900.00000000,1.0001
1626500931848000,1,880.07734000,1.0001
1626500931848000,1,1111.00000000,0.9998
1626500931848000,1,23217.35266000,0.9998
1626501743963000,1,401.40000000,1.0002
1626501829643000,0,401.13699000,1.0003
1626504186553000,1,249.91752000,1.0003
1626504574619000,0,3052.84100000,1.0003
1626504809986000,1,943.96552000,1.0003
1626504813372000,1,1499.99999000,1.0003
1626504906714000,1,1266.15900000,1.0006
1626504911885000,1,233.84100000,1.0006
1626504912279000,1,1110.23572000,1.0006
1626504931195000,1,1267.88100000,1.0007
1626505022829000,1,49.46000000,1.0007
1626505264398000,1,303.15400000,1.0007
1626505682008000,1,259.01700000,1.0007
1626505744000000,1,27.27700000,1.0007
1626506163142000,1,79.17577000,1.0002
1626507197607000,1,41.16000000,1.0006
1626507463997000,1,433.21100000,1.0006
1626507548187000,1,74.84330000,1.0002
1626507599602000,1,342.43071000,1.0002
1626507703808000,1,96.03000000,1.0006
1626507712009000,1,900.00000000,1.0002
1626507712009000,1,899.75002000,0.9998
1626507712009000,1,27200.24998000,0.9998
1626508839352000,1,142.93261000,1.0001
1626509834397000,1,156.22100000,1.0007
1626510164415000,1,734.11080000,1.0007
1626510261604000,1,30.77900000,1.0007
1626510745797000,1,586.70400000,1.0007
1626510858995000,1,190.71700000,1.0007
1626510912187000,1,325.68764000,1.0002
1626511430018000,1,89.49100000,1.0007
1626511521220000,1,258.93300000,1.0007
1626511611211000,1,58.75600000,1.0007
1626512148214000,1,85.95640000,1.0002
1626512549799000,1,894.96400000,1.0007
1626512609001000,1,45.53800000,1.0006
1626513149204000,1,53.35500000,1.0006
1626513439853000,1,824.61062000,1.0002
1626514255340000,0,112.83809000,1.0006
1626514913960000,1,113.79359000,1.0001
1626514913960000,1,718.15373000,1.0001
1626514913960000,1,5609.53362000,0.9998
1626515049232000,1,249.98750000,1.0001
1626517616109000,1,29.59695000,1.0002
1626517643033000,0,33.88200000,1.0003
1626517643033000,0,25.26500000,1.0004
1626517643033000,0,267.74000000,1.0005
1626518061462000,1,484.04136000,1.0005
1626518211358000,1,129.50707000,1.0005
1626518649839000,1,57.73057000,1.0005
1626518649839000,1,192.14199000,1.0000
1626520029912000,1,900.00000000,1.0000
1626520030034000,1,900.00000000,1.0000
1626520994804000,1,229.21200000,1.0006
1626521955196000,1,82.41700000,1.0006
1626522913410000,1,186.20400000,1.0006
1626523219200000,1,678.51300000,1.0006
1626523310801000,1,138.34000000,1.0006
1626523454196000,1,38.61900000,1.0007
1626523688469000,1,900.00000000,1.0002
1626523691001000,1,249.79424000,0.9999
1626524051060000,1,249.95308000,1.0002
1626524831289000,1,249.95308000,1.0002
1626525071507000,1,900.00000000,1.0002
1626525186084000,1,900.00000000,1.0002
1626526391729000,1,565.78362000,1.0001
1626526620651000,1,160.47376000,1.0001
1626526624536000,1,900.00000000,1.0001
1626528592389000,1,600.00000000,0.9998
1626528592389000,1,484.24716000,0.9998
1626528592389000,1,8915.25584000,0.9998
1626528612045000,1,249.97750000,0.9998
1626531200236000,0,250.06733000,0.9999
1626531312705000,1,250.02250000,0.9998
1626532070474000,0,77.70397000,0.9999
1626532206776000,0,41.41470000,0.9999
1626532206776000,0,411.51197000,1.0000
1626532326847000,0,257.09800000,0.9999
1626532475871000,1,29.49321000,0.9998
1626534496989000,0,9000.00000000,1.0004
1626534496989000,0,12500.00000000,1.0005
1626534496989000,0,400.00000000,1.0007
1626534496989000,0,869.72417000,1.0008
1626534569210000,1,33.04600000,1.0006
1626534587998000,1,8996.27774000,1.0006
1626534588598000,1,9999.99999000,1.0006
1626534589132000,1,9999.99999000,1.0006
1626534589653000,1,9999.99999000,1.0006
1626534590220000,1,9999.99999000,1.0006
1626534590798000,1,1252.66253000,1.0006
1626534634008000,1,29.87000000,1.0006
1626535141004000,1,81.75100000,1.0007
1626535465570000,0,308.97233000,1.0008
1626535465570000,0,24.69392000,1.0009
1626535775999000,1,45.25000000,1.0007
1626537074599000,1,76.89900000,1.0006
1626537166999000,1,28.48100000,1.0007
1626537416390000,0,210.62560000,1.0008
1626537554214000,1,65.50500000,1.0007
1626538218395000,1,27.25100000,1.0007
1626538886194000,1,566.90700000,1.0007
1626539722799000,1,200.61300000,1.0007
1626539916617000,0,55.28808000,1.0008
1626540116199000,1,139.34900000,1.0007
1626543463398000,1,39.06100000,1.0007
1626543585402000,1,569.57300000,1.0007
1626543653808000,1,25.75300000,1.0007
1626544731995000,1,888.08500000,1.0007
1626544880396000,1,51.48200000,1.0007
1626545657652000,1,249.83760000,1.0002
1626545777724000,1,249.88005000,1.0005
1626545897688000,1,41.05695000,1.0002
1626545897688000,1,208.82310000,1.0001
1626546261402000,1,42.02800000,1.0006
1626546444405000,1,415.13100000,1.0006
1626546656404000,1,182.97000000,1.0006
1626546715006000,1,34.85100000,1.0007
1626547863955000,1,600.00000000,1.0002
1626547863955000,1,400.27404000,0.9998
1626547863955000,1,874.84267000,0.9998
1626549243111000,0,291.27834000,1.0004
1626549558881000,1,249.90753000,1.0002
1626551383718000,1,34.29000000,1.0003
1626551383718000,1,22.83692000,1.0002
1626551682637000,1,29.75345000,1.0002
1626551991783000,1,50.99500000,1.0003
1626551991783000,1,66.22008000,1.0002
1626552291043000,1,41.24900000,1.0005
1626553147121000,1,600.00000000,1.0002
1626553986045000,1,57.27537000,0.9998
1626555554098000,1,131.42113000,0.9998
1626558494187000,1,683.90524000,1.0002
1626559448446000,1,83.47948000,1.0001
1626560441288000,0,249.96500000,1.0003
1626560441288000,0,4750.03500000,1.0003
1626560564778000,0,900.00000000,1.0003
1626560564778000,0,4100.00000000,1.0007
1626560660005000,1,8846.93021000,1.0006
1626561338007000,1,605.91400000,1.0006
1626561810474000,0,400.27404000,1.0007
1626561810474000,0,4236.06738000,1.0008
1626561821162000,1,22.47300000,1.0003
1626561860320000,1,124.13308000,1.0002
1626561861445000,1,124.13308000,1.0002
1626561863059000,1,119.55476000,1.0002
1626561864321000,1,117.35440000,1.0002
1626561865378000,1,134.82613000,1.0002
1626561866608000,1,142.16051000,1.0003
1626561867879000,1,139.54410000,1.0003
1626561869150000,1,136.97584000,1.0003
1626561870332000,1,156.60744000,1.0003
1626561871875000,1,163.54094000,1.0003
1626561873120000,1,158.02264000,1.0003
1626561874501000,1,158.02264000,1.0003
1626561876334000,1,187.47003000,1.0003
1626561877722000,1,187.47003000,1.0003
1626561878988000,1,184.01972000,1.0003
1626561880298000,1,184.01972000,1.0003
1626561881575000,1,210.08030000,1.0003
1626561882848000,1,193.56077000,1.0003
1626561884108000,1,189.99835000,1.0003
1626561886687000,1,199.81415000,1.0004
1626561888006000,1,199.81415000,1.0004
1626561889382000,1,196.13665000,1.0004
1626561930400000,1,106.82805000,1.0003
1626561931853000,1,116.64384000,1.0003
1626561933139000,1,112.52545000,1.0003
1626561934415000,1,112.52545000,1.0003
1626561935653000,1,122.34125000,1.0003
1626561936890000,1,122.34125000,1.0003
1626561938155000,1,120.08961000,1.0003
1626561939575000,1,120.08961000,1.0003
1626561941540000,1,149.53700000,1.0003
1626561943387000,1,135.96368000,1.0003
1626561944517000,1,135.96368000,1.0003
1626561945590000,1,162.90872000,1.0004
1626561946702000,1,162.90872000,1.0004
1626561947984000,1,159.91045000,1.0004
1626561949304000,1,156.96736000,1.0004
1626561950358000,1,173.71003000,1.0004
1626561951828000,1,183.52583000,1.0004
1626561953737000,1,171.45114000,1.0004
1626561955213000,1,171.45114000,1.0004
1626561956712000,1,181.26694000,1.0004
1626561958137000,1,177.93079000,1.0004
1626561959424000,1,174.65604000,1.0004
1626562255315000,1,113.29317000,1.0003
1626562256539000,1,121.02385000,1.0003
1626562257804000,1,118.79646000,1.0003
1626562259201000,1,116.61005000,1.0003
1626562464486000,0,75.58007000,1.0008
1626565143201000,0,99.10184000,1.0003
1626565809956000,1,89.81120000,1.0000
1626566287193000,1,271.28088000,1.0000
