timestamp ms,type,amount,price
1627257634503000,1,286.25402000,1.0005
1627257635570000,1,289.83964000,1.0005
1627257635676000,1,600.00000000,1.0005
1627257636798000,1,289.83964000,1.0005
1627257637908000,1,289.83964000,1.0005
1627257639032000,1,289.83964000,1.0005
1627257640096000,1,289.83964000,1.0005
1627257641219000,1,1052.44481000,1.0005
1627257641291000,1,284.50523000,1.0005
1627257641655000,1,394.63269000,1.0005
1627257642123000,1,452.45582000,1.0005
1627257642424000,1,747.54418000,1.0005
1627257642541000,1,257.18339000,1.0005
1627257643627000,1,212.76634000,1.0005
1627257644722000,1,202.35998000,1.0005
1627257645834000,1,202.35998000,1.0005
1627257646924000,1,202.35998000,1.0005
1627257648012000,1,7.70310000,1.0005
1627257648012000,1,92.29690000,1.0005
1627257649100000,1,176.74581000,1.0005
1627257650196000,1,174.03252000,1.0005
1627257651274000,1,184.81582000,1.0005
1627257652341000,1,181.54132000,1.0005
1627257653420000,1,146.27793000,1.0005
1627257654513000,1,32.00348000,1.0005
1627257656287000,1,229.49561000,1.0006
1627257657378000,1,220.27615000,1.0006
1627257658438000,1,98.44324000,1.0006
1627257684505000,1,433.04400000,1.0006
1627257714820000,1,194.21776000,1.0005
1627257716169000,1,139.61924000,1.0005
1627257749612000,1,115.67555000,1.0004
1627257770139000,1,95.85145000,1.0004
1627257805064000,1,140.84391000,1.0003
1627257806163000,1,30.05509000,1.0003
1627257860092000,1,117.97200000,1.0002
1627257895731000,1,61.06800000,1.0003
1627257945085000,1,67.03100000,1.0002
1627257955578000,1,43.52700000,1.0002
1627257965718000,1,600.00000000,1.0000
1627257965718000,1,4385.00000000,1.0000
1627257993143000,1,28.37300000,1.0002
1627258980604000,1,70.78500000,1.0003
1627259042412000,1,47.92700000,1.0003
1627259102376000,1,155.02977000,1.0003
1627259103470000,1,96.56223000,1.0003
1627259162595000,1,141.16374000,1.0003
1627259163690000,1,13.48326000,1.0003
1627259224286000,1,101.17655000,1.0003
1627259248189000,1,62.49400000,1.0004
1627259342991000,1,37.47100000,1.0004
1627259584068000,1,600.00000000,1.0001
1627259584068000,1,42.00000000,1.0000
1627259676095000,1,27.10700000,1.0003
1627259676095000,1,472.89300000,1.0001
1627259944167000,1,90.57565000,1.0001
1627260135408000,0,9000.00000000,1.0002
1627260150903000,0,5042.06822000,1.0002
1627260250912000,0,140.58874000,1.0003
1627261358999000,1,443.18531000,1.0000
1627261397126000,1,113.82336000,1.0000
1627261397306000,1,2876.92000000,1.0000
1627261440012000,0,404.76441000,1.0009
1627261440988000,0,3029.16426000,1.0009
1627261441112000,1,327.84799000,1.0009
1627261451540000,1,431.18786000,1.0000
1627261453648000,1,20.00000000,1.0000
1627261736424000,1,100.06821000,1.0002
1627261737513000,1,137.39573000,1.0002
1627261738624000,1,137.39573000,1.0002
1627261739731000,1,137.39573000,1.0002
1627261740810000,1,137.39573000,1.0002
1627261741964000,1,137.39573000,1.0002
1627261744056000,1,137.39573000,1.0002
1627261745237000,1,137.39524000,1.0002
1627261746330000,1,137.39524000,1.0002
1627261747479000,1,124.77369000,1.0002
1627261748590000,1,111.35308000,1.0002
1627261842131000,1,458.36270000,1.0002
1627261863757000,1,121.20749000,1.0003
1627262049122000,1,457.97564000,1.0001
1627262124483000,1,1748.99996000,1.0002
1627262151193000,1,454.44966000,1.0002
1627262414894000,1,174.53412000,1.0005
1627262416812000,1,171.32189000,1.0005
1627262417876000,1,168.16265000,1.0005
1627262418946000,1,3.44634000,1.0005
1627262442906000,1,274.57286000,1.0004
1627262444014000,1,0.07414000,1.0004
1627262474280000,1,136.10197000,1.0003
1627262475358000,1,133.59707000,1.0003
1627262476779000,1,136.81848000,1.0003
1627262477857000,1,134.28420000,1.0003
1627262478928000,1,131.81275000,1.0003
1627262480020000,1,129.38679000,1.0003
1627262481641000,1,113.06874000,1.0003
1627262482722000,1,110.98775000,1.0003
1627262484841000,1,107.05322000,1.0003
1627262486585000,1,107.05322000,1.0003
1627262487700000,1,103.21137000,1.0003
1627262488816000,1,103.21137000,1.0003
1627262489878000,1,103.21137000,1.0003
1627262491653000,1,107.50252000,1.0003
1627262496539000,1,105.87660000,1.0003
1627262505872000,1,303.93542000,1.0006
1627262506957000,1,298.34161000,1.0006
1627262508056000,1,292.84633000,1.0006
1627262509121000,1,292.84633000,1.0006
1627262510188000,1,292.84633000,1.0006
1627262511286000,1,273.56335000,1.0006
1627262511862000,1,34.67827000,1.0006
1627262512963000,1,0.01736000,1.0006
1627262533910000,1,1028.88700000,1.0006
1627262566298000,1,891.64300000,1.0007
1627262596510000,1,530.59300000,1.0007
1627262626723000,1,543.51100000,1.0007
1627262655705000,1,346.82000000,1.0007
1627262687104000,1,216.48400000,1.0007
1627262716706000,1,115.55700000,1.0007
1627262747304000,1,97.18400000,1.0007
1627262775902000,1,77.46900000,1.0007
1627262805698000,1,58.13900000,1.0007
1627262836898000,1,25.64500000,1.0007
1627262837017000,0,6621.02153000,1.0010
1627262837017000,0,10000.00000000,1.0010
1627262837017000,0,14042.06822000,1.0028
1627262837017000,0,4385.00000000,1.0028
1627262837017000,0,7662.27543000,1.0028
1627262837017000,0,2947.08635000,1.0028
1627262837017000,0,5000.00000000,1.0028
1627262837017000,0,642.00000000,1.0029
1627262837017000,0,6042.74594000,1.0029
1627262837017000,0,10000.00000000,1.0029
1627262837017000,0,4259.24663000,1.0030
1627262837017000,0,12708.73582000,1.0030
1627262837017000,0,1111.00000000,1.0036
1627262837017000,0,5194.43498000,1.0036
1627262837017000,0,6055.61300000,1.0040
1627262837017000,0,4895.82623000,1.0040
1627262837017000,0,17349.56250000,1.0040
1627262837017000,0,8127.61153000,1.0040
1627262837017000,0,16178.09738000,1.0040
1627262837017000,0,10000.00000000,1.0040
1627262837017000,0,1124.00000000,1.0042
1627262837017000,0,1111.00000000,1.0044
1627262837017000,0,5343.73935000,1.0045
1627262837017000,0,8732.00000000,1.0045
1627262837017000,0,5343.73936000,1.0049
1627262837017000,0,51.46801000,1.0050
1627262837017000,0,9660.13345000,1.0050
1627262837017000,0,1111.00000000,1.0050
1627262837017000,0,18507.35373000,1.0050
1627262837017000,0,3633.00000000,1.0054
1627262837017000,0,1111.00000000,1.0055
1627262837017000,0,15842.78860000,1.0060
1627262837017000,0,158.00000000,1.0060
1627262837017000,0,18507.35374000,1.0060
1627262837017000,0,1111.00000000,1.0064
1627262837017000,0,5430.09822000,1.0064
1627262896126000,1,29.73300000,1.0008
1627262987109000,1,21.57100000,1.0008
1627264001907000,1,119.14961000,1.0003
1627264003003000,1,109.39359000,1.0003
1627264004148000,1,118.05334000,1.0003
1627264181714000,1,102.72576000,1.0003
1627264373720000,0,600.00000000,1.0014
1627264373720000,0,9348.69605000,1.0014
1627264819239000,1,187.29358000,1.0003
1627264959002000,1,137.37335000,1.0003
1627265292542000,1,125.32507000,1.0003
1627265292542000,1,11.75878000,1.0003
1627265293721000,1,140.76523000,1.0003
1627265305286000,1,4644.97076000,1.0003
1627265502605000,0,454.53167000,1.0005
1627265823500000,1,59.49200000,1.0007
1627265851698000,1,35.39900000,1.0006
1627266306099000,1,69.57400000,1.0004
1627266430559000,1,60.23200000,1.0005
1627266430559000,1,32.26663000,1.0003
1627266486500000,1,60.10400000,1.0006
1627266546905000,1,44.19900000,1.0007
1627266575100000,1,38.01300000,1.0006
1627266608162000,1,25.74000000,1.0005
1627266667646000,1,32.70600000,1.0004
1627266803316000,0,57.08267000,1.0005
1627266922251000,1,33.01100000,1.0004
1627267717540000,1,78.59300000,1.0004
1627267733206000,1,41.96700000,1.0004
1627267823318000,1,57.89400000,1.0004
1627267849684000,1,130.64636000,1.0004
1627267850758000,1,130.64636000,1.0004
1627267915753000,0,542.91733000,1.0005
1627267939311000,1,1123.36500000,1.0007
1627267969303000,1,752.54300000,1.0006
1627267978972000,1,92.69464000,1.0003
1627268120769000,1,73.23970000,1.0006
1627268148705000,1,639.28400000,1.0007
1627268179704000,1,447.26900000,1.0006
1627268384506000,1,474.38600000,1.0007
1627268422910000,1,959.09300000,1.0006
1627268453919000,1,576.66000000,1.0006
1627268515111000,1,451.29200000,1.0007
1627268540319000,1,288.41600000,1.0006
1627268602318000,1,150.93100000,1.0007
1627268635100000,1,121.08200000,1.0006
1627268694101000,1,51.77200000,1.0007
1627268724319000,1,39.66000000,1.0006
1627268784332000,1,33.76000000,1.0007
1627268811908000,1,61.08800000,1.0006
1627269206104000,1,56.27500000,1.0007
1627269233898000,1,345.05800000,1.0006
1627269294715000,1,255.90700000,1.0007
1627269325105000,1,176.24600000,1.0006
1627269360018000,1,125.97800000,1.0006
1627269417908000,1,37.51800000,1.0007
1627269447298000,1,22.96700000,1.0006
1627269574049000,1,8447.54818000,1.0003
1627269574049000,1,1111.00000000,1.0003
1627269574049000,1,1111.00000000,1.0003
1627269574049000,1,1111.00000000,1.0003
1627269574049000,1,1111.00000000,1.0003
1627269574049000,1,1111.00000000,1.0003
1627269574049000,1,9307.15529000,1.0002
1627269574049000,1,600.00000000,1.0001
1627269574049000,1,598.95406000,1.0001
1627269574049000,1,1124.00000000,1.0000
1627269574049000,1,1274.80923000,0.9999
1627269574049000,1,42726.29810000,0.9999
1627269574049000,1,41858.92871000,0.9999
1627269574049000,1,9471.10219000,0.9999
1627269759859000,0,56.97036000,1.0003
1627270133276000,0,600.00000000,1.0003
1627270133276000,0,1405.39625000,1.0009
1627270163205000,0,600.00000000,1.0007
1627270163205000,0,402.85092000,1.0007
1627270195748000,0,585.04712000,1.0005
1627270200863000,0,877.64530000,1.0009
1627270305464000,0,302.10615000,1.0009
1627270305464000,0,574.91453000,1.0009
1627270924309000,1,193.14100000,1.0007
1627270959301000,1,146.60000000,1.0006
1627271015510000,1,85.37200000,1.0007
1627271049501000,1,65.51000000,1.0006
1627271106103000,1,44.35600000,1.0007
1627271134500000,1,39.54000000,1.0006
1627271742919000,1,93.77700000,1.0007
1627271803302000,1,43.35000000,1.0007
1627271864301000,1,65.72600000,1.0007
1627271893502000,1,54.78300000,1.0006
1627271948904000,1,42.62200000,1.0007
1627271977299000,1,24.67900000,1.0006
1627272489122000,1,1490.73900000,1.0007
1627272519906000,1,779.50600000,1.0006
1627272533337000,1,124.47005000,1.0003
1627272534536000,1,124.47005000,1.0003
1627272535611000,1,124.47005000,1.0003
1627272536707000,1,122.17923000,1.0003
1627272537818000,1,122.17923000,1.0003
1627272539067000,1,122.17923000,1.0003
1627272540140000,1,122.17923000,1.0003
1627272581508000,1,413.91600000,1.0007
1627272614306000,1,302.40100000,1.0006
1627272634147000,1,366.95900000,1.0003
1627272634147000,1,1523.21554000,1.0002
1627272634147000,1,5109.82546000,1.0002
1627272669728000,1,160.68800000,1.0007
1627272698505000,1,100.19100000,1.0006
1627272758504000,1,63.84000000,1.0007
1627272789108000,1,44.25000000,1.0006
1627272831726000,1,9999.99999000,1.0008
1627272832333000,1,9999.99999000,1.0008
1627272832938000,1,2987.20961000,1.0008
1627272850703000,1,53.24300000,1.0007
1627272883725000,1,48.25500000,1.0006
1627272941121000,1,34.60600000,1.0007
1627273039963000,1,900.00000000,1.0001
1627273723901000,1,54.98100000,1.0007
1627273753300000,1,24.55200000,1.0007
1627273875714000,1,28.87200000,1.0007
1627274219359000,1,74.00000000,1.0001
1627275381140000,1,68.35600000,1.0003
1627275381140000,1,222.40775000,1.0002
1627275421503000,1,36.84900000,1.0004
1627275466491000,1,29.44200000,1.0003
1627275469494000,1,336.70199000,1.0001
1627275469709000,1,667.39799000,1.0001
1627275654393000,1,29.83200000,1.0005
1627275740216000,1,25.32300000,1.0004
1627276893549000,0,9000.00000000,1.0003
1627276937105000,0,600.00000000,1.0003
1627278611402000,0,62.42776000,1.0003
1627278618809000,0,175.32783000,1.0003
1627280116745000,0,59.91200000,1.0002
1627280852607000,1,336.70199000,1.0000
1627281190460000,1,234.71000000,1.0000
1627281202769000,0,350.10900000,1.0001
1627281202769000,0,974.17814000,1.0002
1627281244148000,0,249.18565000,1.0002
1627281798726000,0,284.34700000,1.0001
1627281936891000,1,23.60786000,1.0001
1627282350564000,0,117.74613000,1.0001
1627282351932000,0,322.83200000,1.0001
1627282556882000,0,202.46200000,1.0002
1627282558449000,1,30.33700000,1.0002
1627283166975000,0,61.67100000,1.0001
1627284838787000,0,280.34300000,1.0001
1627284838787000,0,253.98600000,1.0003
1627284838787000,0,600.00000000,1.0003
1627284838787000,0,1119.01521000,1.0004
1627284887058000,1,600.00000000,1.0002
1627284887058000,1,4840.06252000,1.0000
1627285127271000,0,66.94300000,1.0002
1627285286170000,1,600.00000000,1.0002
1627286169830000,1,600.00000000,1.0000
1627286169943000,1,600.00000000,1.0000
1627286169943000,1,113.20866000,1.0000
1627286176188000,1,455.77727000,1.0000
1627287390044000,0,268.13200000,1.0004
1627287583552000,1,877.49001000,1.0002
1627287583553000,1,1968.10999000,1.0002
1627287583628000,1,1968.10998000,1.0002
1627287643719000,1,324.90550000,1.0002
1627287999035000,1,600.00000000,1.0001
1627287999035000,1,287.69664000,1.0000
1627287999035000,1,17349.00000000,1.0000
1627287999035000,1,10795.56307000,1.0000
1627288288684000,0,268.13278000,1.0003
1627288659201000,1,268.13278000,1.0000
1627289056108000,1,331.86722000,1.0000
1627289081510000,1,600.00000000,1.0000
1627289106608000,1,600.00000000,1.0000
1627289106608000,1,3038.03456000,1.0000
1627289681538000,0,599.99999000,1.0001
1627289694468000,0,599.99999000,1.0001
1627290327352000,0,600.00000000,1.0000
1627290948632000,1,224.50087000,1.0000
1627295057634000,1,101.91994000,1.0000
1627295057786000,1,14.66772000,1.0000
1627295140190000,1,218.50760000,1.0000
1627295140611000,1,3505.68435000,1.0000
1627295664137000,0,81.30760000,1.0000
1627297004969000,0,698.32508000,1.0001
1627297027835000,0,641.83790000,1.0001
1627297512522000,0,600.00000000,1.0001
1627297568873000,0,2478.30499000,1.0001
1627299131156000,0,198.62825000,1.0000
1627300098604000,0,132.01320000,1.0000
1627300347977000,1,67.94000000,1.0000
1627300766699000,1,600.00000000,1.0000
1627300766699000,1,6613.33082000,1.0000
1627300917450000,1,456.15650000,1.0000
1627301946783000,0,175.22045000,1.0000
1627302020058000,1,175.22045000,1.0000
1627302797470000,0,728.42900000,1.0000
1627302797470000,0,9000.00000000,1.0002
1627302797470000,0,866.02100000,1.0002
1627302797470000,0,600.00000000,1.0002
1627302797470000,0,776.99100000,1.0004
1627302797470000,0,9325.00213000,1.0004
1627302797470000,0,1179.39570000,1.0010
1627302797470000,0,10000.00000000,1.0010
1627302797470000,0,1111.00000000,1.0027
1627302797470000,0,2322.11822000,1.0027
1627302797470000,0,2948.48926000,1.0027
1627302797470000,0,7666.07208000,1.0027
1627302797470000,0,3386.53039000,1.0028
1627302835260000,0,56.37900000,1.0000
1627302835260000,0,49.47600000,1.0002
1627302835260000,0,600.00000000,1.0002
1627302835260000,0,5045.95877000,1.0003
1627302835260000,0,46.02400000,1.0004
1627302835260000,0,10000.00000000,1.0010
1627302835260000,0,34028.40746000,1.0028
1627303003389000,0,818.00000000,1.0001
1627303312814000,0,497.00000000,1.0001
1627303361090000,0,260.00000000,1.0001
1627303395302000,0,95.00000000,1.0001
1627303413982000,0,160.00000000,1.0001
1627303489881000,0,110.00000000,1.0001
1627303512069000,0,50.00000000,1.0000
1627303536231000,0,72.00000000,1.0000
1627303573005000,0,31.00000000,1.0000
1627303594790000,0,51.00000000,1.0000
1627304488951000,0,65.61000000,1.0001
1627304502748000,0,268.00000000,1.0001
1627304556310000,0,38.00000000,1.0001
1627304616247000,0,0.13200000,1.0001
1627304616247000,0,23.56500000,1.0001
1627304616247000,0,51.25392000,1.0002
1627306861067000,1,298.84659000,1.0002
1627308096505000,0,65.61000000,1.0004
1627308096716000,1,127.21681000,1.0004
1627308097780000,1,124.87543000,1.0004
1627308098867000,1,122.57715000,1.0004
1627308099974000,1,122.57715000,1.0004
1627308101062000,1,122.57715000,1.0004
1627308102151000,1,120.32117000,1.0004
1627308103236000,1,118.16116000,1.0004
1627308104321000,1,106.66119000,1.0004
1627308105443000,1,104.69813000,1.0004
1627308143572000,1,166.56870000,1.0004
1627308144677000,1,166.56870000,1.0004
1627308145756000,1,163.49356000,1.0004
1627308146833000,1,171.54702000,1.0004
1627308147967000,1,170.90175000,1.0004
1627308149075000,1,171.84555000,1.0004
1627308150198000,1,119.06188000,1.0004
1627308151418000,1,118.71105000,1.0004
1627308152526000,1,118.30208000,1.0004
1627308153624000,1,116.12478000,1.0004
1627308154713000,1,113.98755000,1.0004
1627308155810000,1,101.71781000,1.0004
1627308236161000,1,246.13764000,1.0004
1627308246811000,0,344.80057000,1.0004
1627308249257000,0,255.19943000,1.0004
1627308249437000,1,111.08033000,1.0004
1627308250568000,1,111.08033000,1.0004
1627308251654000,1,101.84593000,1.0004
1627308252730000,1,101.84593000,1.0004
1627308253810000,1,130.31182000,1.0004
1627308255228000,1,130.31182000,1.0004
1627308256336000,1,126.77308000,1.0004
1627308727713000,1,132.95389000,1.0004
1627308901017000,1,130.54024000,1.0004
1627309036760000,1,100.00000000,1.0004
1627309112003000,1,708.43761000,1.0004
1627309290439000,1,905.00000000,1.0004
1627309380410000,0,3045.38041000,1.0008
1627309380497000,1,9999.99999000,1.0008
1627309381121000,1,9999.99999000,1.0008
1627309381718000,1,6352.11956000,1.0008
1627309409752000,1,201.17545000,1.0004
1627309410985000,1,200.39740000,1.0004
1627309412080000,1,196.70917000,1.0004
1627309413188000,1,196.70917000,1.0004
1627309414263000,1,135.54310000,1.0004
1627309686404000,0,598.28202000,1.0008
1627309686499000,1,3148.93767000,1.0008
1627309798022000,0,332.25227000,1.0008
1627309798022000,0,600.00000000,1.0008
1627309798022000,0,6971.84189000,1.0009
1627309798022000,0,10000.00000000,1.0010
1627309798022000,0,10000.00000000,1.0010
1627309798022000,0,2748.84659000,1.0027
1627309798022000,0,7671.61442000,1.0027
1627309798022000,0,48069.60326000,1.0027
1627309798022000,0,9471.10219000,1.0030
1627309798022000,0,10597.76291000,1.0030
1627309798022000,0,15000.00000000,1.0036
1627309798022000,0,10000.00000000,1.0036
1627309798022000,0,5000.00000000,1.0036
1627309798022000,0,4999.00000000,1.0039
1627309798022000,0,10597.76291000,1.0040
1627309798022000,0,1124.00000000,1.0043
1627309798022000,0,6000.00000000,1.0045
1627309798022000,0,3633.00000000,1.0048
1627309798022000,0,5994.10480000,1.0049
1627309798022000,0,3080.24341000,1.0050
1627309798022000,0,17349.00000000,1.0059
1627309798022000,0,5994.10479000,1.0059
1627309798022000,0,4765.76056000,1.0059
1627309862467000,0,20.00000000,1.0013
1627310597570000,0,41.83105000,1.0012
1627310597570000,0,1180.67049000,1.0012
1627310597570000,0,195.08480000,1.0012
1627311281931000,0,1186.45737000,1.0012
1627311343822000,1,449.99210000,1.0005
1627311343822000,1,1124.71529000,1.0005
1627311348151000,1,473.69049000,1.0005
1627312052950000,1,111.60000000,1.0005
1627312439701000,1,9000.00000000,1.0006
1627312444700000,1,3328.17769000,1.0006
1627312505013000,0,9000.00000000,1.0011
1627312505013000,0,1180.07575000,1.0011
1627312505013000,0,2950.18937000,1.0011
1627312505013000,0,6828.87188000,1.0013
1627312509700000,1,9000.00000000,1.0006
1627312563744000,1,198.35379000,1.0005
1627312564816000,1,194.70316000,1.0005
1627312565901000,1,191.11973000,1.0005
1627312567097000,1,191.11973000,1.0005
1627312568170000,1,184.07676000,1.0005
1627312692102000,1,692.10473000,1.0006
1627312712500000,1,7508.99460000,1.0006
1627312716306000,1,9999.99999000,1.0006
1627312716822000,1,344.95303000,1.0006
1627312941299000,1,9999.99999000,1.0006
1627312941936000,1,8472.98871000,1.0006
1627313069350000,1,45.97180000,1.0005
1627313558214000,1,237.44146000,1.0005
1627313559387000,1,233.07145000,1.0005
1627313703603000,1,293.16834000,1.0005
1627313704706000,1,295.00880000,1.0005
1627313705902000,1,295.00880000,1.0005
1627313732947000,1,378.26536000,1.0005
1627314387949000,0,114.28395000,1.0012
1627314390140000,1,117.18157000,1.0005
1627314809207000,0,260.55237000,1.0012
1627315018714000,1,260.63107000,1.0005
1627315018714000,1,12293.11664000,1.0005
1627315438961000,1,280.40584000,1.0005
1627316090229000,1,3517.02128000,1.0005
1627316093318000,1,224.69697000,1.0005
1627316351103000,1,9999.99999000,1.0008
1627316351677000,1,9999.99999000,1.0008
1627316352267000,1,3098.42620000,1.0008
1627316589446000,0,430.00000000,1.0008
1627316589446000,0,2397.88475000,1.0009
1627316660135000,1,2397.97147000,1.0006
1627316716389000,0,2799.73704000,1.0009
1627316718476000,1,190.13789000,1.0005
1627316720159000,1,186.97440000,1.0005
1627316721726000,1,206.96048000,1.0005
1627316722826000,1,206.96048000,1.0005
1627316724077000,1,203.15146000,1.0005
1627316725183000,1,199.41254000,1.0005
1627316726283000,1,199.41254000,1.0005
1627316727415000,1,199.41254000,1.0005
1627316761472000,1,469.15691000,1.0005
1627316839010000,0,341.33877000,1.0012
1627316839010000,0,128.08394000,1.0012
1627316839252000,0,1838.51513000,1.0012
1627316839425000,0,3589.76000000,1.0012
1627316839508000,0,1838.51591000,1.0012
1627316839703000,0,1605.12499000,1.0012
1627316839870000,0,0.00003000,1.0012
1627316839870000,0,1563.95997000,1.0012
1627316840025000,0,423.81947000,1.0012
1627316885606000,0,4112.95082000,1.0021
1627316885606000,0,3360.00000000,1.0021
1627316885606000,0,2527.04918000,1.0036
1627317230410000,1,378.80185000,1.0005
1627317551294000,0,207.10399000,1.0018
1627317551460000,0,0.00001000,1.0018
1627317551460000,0,291.94277000,1.0019
1627317551805000,0,0.00023000,1.0019
1627317551805000,0,378.80165000,1.0021
1627317554848000,0,0.00020000,1.0021
1627317554848000,0,78.39780000,1.0032
1627317555174000,0,520.60191000,1.0032
1627317569325000,0,0.00029000,1.0032
1627317569325000,0,470.62302000,1.0035
1627317569445000,0,1793.52554000,1.0035
1627317569688000,0,23157.31000000,1.0035
1627317569692000,0,1793.52594000,1.0035
1627317570023000,0,1793.52672000,1.0035
1627317570070000,0,3335.51000000,1.0035
1627317570270000,0,1385.14191000,1.0035
1627317570270000,0,408.38520000,1.0036
1627317570399000,0,1793.52750000,1.0036
1627317570465000,0,454.71000000,1.0036
1627317570486000,0,4816.32812000,1.0036
1627317570486000,0,958.26188000,1.0036
1627317570539000,0,4041.73812000,1.0036
1627317570539000,0,1732.85188000,1.0039
1627317570596000,0,1793.52829000,1.0039
1627317570737000,0,1793.52868000,1.0039
1627317570819000,0,454.48000000,1.0039
1627317570895000,0,0.21769000,1.0039
1627317570895000,0,1110.56231000,1.0044
1627317570916000,0,0.43769000,1.0044
1627317570916000,0,9676.34231000,1.0044
1627317571092000,0,1793.52907000,1.0044
1627317571254000,0,1793.52946000,1.0044
1627317571387000,0,1736.59880000,1.0044
1627317571508000,0,0.00036000,1.0044
1627317571508000,0,1793.53067000,1.0045
1627317574857000,0,470.62331000,1.0045
1627317577655000,0,240.07427000,1.0045
1627317577760000,0,0.00017000,1.0045
1627317577760000,0,1825.57761000,1.0045
1627317577994000,0,241.22332000,1.0045
1627317577994000,0,1240.36952000,1.0048
1627317578156000,0,1825.57896000,1.0048
1627317578783000,0,1825.57935000,1.0042
1627317578952000,0,1825.57974000,1.0042
1627317579205000,0,1825.58053000,1.0042
1627317579331000,0,1825.58092000,1.0042
1627317579543000,0,1825.58170000,1.0042
1627317581534000,0,1825.58209000,1.0042
1627317581738000,0,76.19000000,1.0027
1627317581738000,0,1749.39288000,1.0036
1627317581773000,0,8250.60712000,1.0036
1627317581921000,0,1825.58327000,1.0042
1627317581968000,1,87.78400000,1.0036
1627317582037000,0,1825.58366000,1.0042
1627317582221000,0,395.34857000,1.0042
1627317582251000,1,76.19000000,1.0036
1627317582523000,0,0.00017000,1.0042
1627317582523000,0,470.62314000,1.0048
1627317584048000,0,306.10361000,1.0048
1627317584048000,0,164.51970000,1.0048
1627317584188000,1,134.80506000,1.0036
1627317584188000,1,473.37029000,1.0036
1627317584188000,1,1585.18888000,1.0036
1627317584780000,0,1844.41133000,1.0040
1627317584907000,0,1844.41212000,1.0040
1627317585073000,0,704.44483000,1.0040
1627317585204000,0,606.73152000,1.0040
1627317585340000,0,0.00020000,1.0040
1627317585340000,0,1844.41270000,1.0048
1627317585523000,0,950.92814000,1.0048
1627317587589000,1,473.37029000,1.0034
1627317587589000,1,9000.00000000,1.0034
1627317587589000,1,4746.10000000,1.0034
1627317587687000,0,336.22903000,1.0032
1627317587698000,0,3296.72000000,1.0032
1627317587815000,0,1844.41408000,1.0032
1627317588031000,0,90.84172000,1.0032
1627317588151000,0,19.71252000,1.0032
1627317588151000,0,219.10660000,1.0032
1627317588283000,0,57.27900000,1.0032
1627317588283000,0,718.60248000,1.0032
1627317588429000,0,0.00009000,1.0032
1627317588429000,0,90.84163000,1.0032
1627317591564000,0,428.31000000,1.0042
1627317591676000,0,8571.69000000,1.0042
1627317591676000,0,110.66444000,1.0042
1627317591676000,0,4641.44556000,1.0042
1627317591729000,0,470.62331000,1.0042
1627317591918000,0,9887.93000000,1.0042
1627317592069000,0,0.00113000,1.0042
1627317592069000,0,0.00020000,1.0048
1627317592069000,0,1132.00000000,1.0050
1627317592069000,0,749.72000000,1.0054
1627317592424000,1,110.66000000,1.0042
1627317592424000,1,8571.67000000,1.0042
1627317592426000,0,473.37029000,1.0040
1627317592484000,0,331.11238000,1.0040
1627317592505000,0,9021.86268000,1.0040
1627317592744000,1,9486.58732000,1.0040
1627317592802000,0,513.41243000,1.0040
1627317593799000,0,0.00025000,1.0040
1627317593799000,0,1567.95975000,1.0040
1627317593921000,0,331.84775000,1.0040
1627317594073000,0,1842.03666000,1.0040
1627317594194000,0,1842.03744000,1.0040
1627317594326000,0,1842.03784000,1.0040
1627317594459000,0,1842.03862000,1.0040
1627317594576000,0,732.04171000,1.0040
1627317598809000,0,0.00023000,1.0040
1627317598809000,0,1867.79919000,1.0040
1627317600343000,0,1867.80020000,1.0040
1627317600536000,0,1264.40059000,1.0040
1627317600873000,0,0.00002000,1.0040
1627317600873000,0,1867.80136000,1.0040
1627317600993000,0,1769.74116000,1.0040
1627317601223000,0,1362.45728000,1.0040
1627317609721000,0,49.03665000,1.0040
1627317609721000,0,0.00020000,1.0040
1627317609970000,1,293.25375000,1.0040
1627317632523000,0,470.62331000,1.0040
1627317635202000,0,1867.80295000,1.0040
1627317635366000,0,1867.80334000,1.0040
1627317635473000,0,1568.74454000,1.0040
1627317635585000,0,1867.80451000,1.0040
1627317635690000,0,1567.96000000,1.0040
1627317635803000,0,496.00760000,1.0040
1627317635803000,0,46.82157000,1.0040
1627317635803000,0,117.05385000,1.0040
1627317763689000,1,5218.67820000,1.0036
1627317780100000,1,6391.17180000,1.0010
1627317780100000,1,3356.74395000,1.0010
1627317780100000,1,252.08424000,1.0006
1627317780752000,1,9000.00000000,1.0010
1627317780752000,1,999.99999000,1.0006
1627317781372000,1,6308.18174000,1.0006
1627317812908000,1,3357.95164000,1.0006
1627318027076000,1,42.03909000,1.0007
1627318338298000,1,5050.51817000,1.0007
1627318338298000,1,401.96091000,1.0007
1627318338298000,1,4547.52091000,1.0007
1627318338874000,1,9416.47359000,1.0007
1627318634118000,0,3148.77828000,1.0011
1627318685100000,1,9999.99999000,1.0008
1627318685680000,1,7411.33151000,1.0008
1627318747898000,1,9999.99999000,1.0006
1627318748459000,1,9999.99999000,1.0006
1627318749057000,1,9999.99999000,1.0006
1627318749569000,1,3375.79455000,1.0006
1627318760502000,1,3151.11637000,1.0006
1627318814418000,1,300.81440000,1.0006
1627318815436000,1,295.27803000,1.0006
1627318816677000,1,289.84355000,1.0006
1627318817808000,1,284.50910000,1.0006
1627318818886000,1,284.50910000,1.0006
1627318854374000,1,247.10019000,1.0005
1627318855473000,1,247.10019000,1.0005
1627318856628000,1,119.42114000,1.0005
1627318856628000,1,127.67905000,1.0005
1627318857713000,1,207.83704000,1.0005
1627318858986000,1,148.94232000,1.0004
1627318860062000,1,148.94232000,1.0004
1627318861520000,1,146.20110000,1.0004
1627318862647000,1,142.52018000,1.0004
1627318863723000,1,142.52018000,1.0004
1627318878697000,1,199.91054000,1.0004
1627318911473000,0,307.00093000,1.0008
1627318929890000,1,307.22952000,1.0004
1627318929890000,1,2184.13375000,1.0004
1627319513875000,1,87.59000000,1.0004
1627319861106000,1,187.73137000,1.0006
1627319907101000,1,9999.99999000,1.0006
1627319907618000,1,2932.43305000,1.0006
1627320037700000,1,8999.00000000,1.0006
1627320147439000,1,100.42788000,1.0004
1627320214288000,1,108.38083000,1.0004
1627320325817000,1,108.54093000,1.0004
1627320326908000,1,106.54328000,1.0004
1627320327977000,1,106.99056000,1.0004
1627320329083000,1,106.99056000,1.0004
1627320330187000,1,103.04741000,1.0004
1627320331283000,1,101.15087000,1.0004
1627320332362000,1,102.99132000,1.0004
1627320333434000,1,101.09582000,1.0004
1627320334550000,1,101.09582000,1.0004
1627320335641000,1,101.09582000,1.0004
1627320336740000,1,101.09582000,1.0004
1627320340882000,1,101.60745000,1.0004
1627320356578000,1,109.55290000,1.0005
1627320357673000,1,109.55290000,1.0005
1627320358802000,1,109.55290000,1.0005
1627320359966000,1,107.53639000,1.0005
1627320361034000,1,101.52471000,1.0005
1627320362133000,1,101.52471000,1.0005
1627320363193000,1,101.52471000,1.0005
1627320369166000,1,109.47193000,1.0005
1627320370259000,1,113.53322000,1.0005
1627320371347000,1,113.53322000,1.0005
1627320372420000,1,111.44370000,1.0005
1627320373502000,1,111.44370000,1.0005
1627320374607000,1,111.23308000,1.0005
1627320375680000,1,109.18589000,1.0005
1627320376814000,1,107.17638000,1.0005
1627320377879000,1,105.20385000,1.0005
1627320378947000,1,103.26763000,1.0005
1627320380078000,1,134.72190000,1.0005
1627320743110000,1,6092.91425000,1.0006
1627320823220000,0,600.00000000,1.0006
1627320823220000,0,9000.00000000,1.0009
1627320823220000,0,400.00000000,1.0010
1627321116736000,1,9999.99999000,1.0006
1627321117341000,1,9999.99999000,1.0006
1627321117865000,1,2273.33601000,1.0006
1627321132635000,0,1918.79653000,1.0009
1627321633845000,1,129.26413000,1.0004
1627321634954000,1,129.26413000,1.0004
1627321636702000,1,126.88509000,1.0004
1627321637830000,1,126.88509000,1.0004
1627321638901000,1,86.70156000,1.0004
1627321638901000,1,13.29844000,1.0004
1627321640026000,1,112.89365000,1.0004
1627321641570000,1,112.89365000,1.0004
1627321642735000,1,110.81590000,1.0004
1627322465718000,1,8650.09836000,1.0004
1627322465718000,1,3129.83126000,1.0004
1627323037131000,1,144.83860000,1.0004
1627323038212000,1,142.17292000,1.0004
1627323039290000,1,142.17292000,1.0004
1627323040386000,1,142.17292000,1.0004
1627323041852000,1,160.96276000,1.0004
1627323043059000,1,158.00032000,1.0004
1627323044295000,1,158.82218000,1.0004
1627323045402000,1,158.82218000,1.0004
1627323046904000,1,142.22004000,1.0004
1627323048008000,1,142.22004000,1.0004
1627323049087000,1,139.60255000,1.0004
1627323050202000,1,138.13297000,1.0004
1627323051735000,1,135.59070000,1.0004
1627323053007000,1,15.97705000,1.0004
1627323053007000,1,84.02295000,1.0004
1627323054094000,1,115.66519000,1.0004
1627323438039000,1,150.67107000,1.0004
1627323495065000,0,338.67732000,1.0008
1627323875296000,1,338.67732000,1.0004
1627324149066000,1,0.18428000,1.0004
1627324149066000,1,109.73307000,1.0004
1627324150190000,1,107.89438000,1.0004
1627324151278000,1,107.89438000,1.0004
1627324152355000,1,107.89438000,1.0004
1627324153453000,1,107.89438000,1.0004
1627324154535000,1,107.89438000,1.0004
1627324155643000,1,105.90864000,1.0004
1627324156736000,1,105.90864000,1.0004
1627324157800000,1,103.95944000,1.0004
1627324158858000,1,102.04612000,1.0004
1627324396352000,1,1589.82500000,1.0004
1627324486998000,0,600.00000000,1.0006
1627324486998000,0,1268.11133000,1.0008
1627324807640000,0,94.89368000,1.0006
1627324815131000,1,1000.00000000,1.0004
1627325088906000,0,505.10632000,1.0006
1627325088906000,0,1977.87206000,1.0008
1627325236609000,1,94.89368000,1.0004
1627325263674000,0,94.75582000,1.0008
1627325376595000,1,94.75582000,1.0004
1627325734474000,0,1887.10103000,1.0008
1627325778350000,0,249.08151000,1.0008
1627326027161000,0,32.40752000,1.0008
1627326326691000,1,61.69433000,1.0004
1627326519174000,1,1691.28913000,1.0004
1627326519230000,1,1307.41000000,1.0004
1627326519560000,1,383.87913000,1.0004
1627326519572000,1,594.49357000,1.0004
1627326519572000,1,1096.79555000,1.0004
1627326522446000,0,75.19739000,1.0004
1627326527901000,1,594.49355000,1.0004
1627326572166000,1,0.00003000,1.0004
1627326620537000,1,249.90003000,1.0002
1627326860718000,1,249.95000000,1.0002
1627326905310000,0,474.57753000,1.0004
1627326980764000,1,249.90253000,1.0002
1627327220898000,1,249.95250000,1.0002
1627327340916000,1,31.93374000,1.0002
1627327340916000,1,218.01377000,1.0002
1627327461047000,1,249.95250000,1.0002
1627327493270000,1,1000.00000000,1.0002
1627327581092000,1,249.95250000,1.0002
1627327821230000,1,249.95250000,1.0002
1627327941249000,1,249.95250000,1.0002
1627327948348000,1,2006.00000000,1.0002
1627328061308000,1,249.95250000,1.0002
1627328078222000,1,2497.35999000,1.0002
1627328181349000,1,249.95250000,1.0002
1627328257578000,1,126.40428000,1.0002
1627328258662000,1,126.40428000,1.0002
1627328259753000,1,126.40428000,1.0002
1627328260882000,1,124.07788000,1.0002
1627328261955000,1,124.07788000,1.0002
1627328263047000,1,113.01743000,1.0002
1627328264147000,1,110.93740000,1.0002
1627328265242000,1,108.89566000,1.0002
1627328266322000,1,106.89149000,1.0002
1627328267387000,1,106.89149000,1.0002
1627328268472000,1,104.92420000,1.0002
1627328269553000,1,104.92420000,1.0002
1627328270649000,1,102.99313000,1.0002
1627328271752000,1,102.99313000,1.0002
1627328301436000,1,249.95250000,1.0002
1627328331953000,0,600.00000000,1.0004
1627328331953000,0,9000.00000000,1.0007
1627328331953000,0,400.00000000,1.0008
1627328541646000,1,249.90253000,1.0003
1627328661700000,1,249.93001000,1.0003
1627328745997000,1,477.59308000,1.0002
1627328746132000,1,3135.94001000,1.0002
1627328746148000,1,612.46521000,1.0002
1627328752243000,1,249.78023000,1.0002
1627328815266000,1,1433.42000000,1.0002
1627329029905000,1,249.95250000,1.0002
1627329452449000,0,249.93001000,1.0003
1627329452449000,0,80.52108000,1.0003
1627329547948000,1,199.86290000,1.0002
1627329562194000,1,471.48414000,1.0002
1627329712971000,0,56.75220000,1.0007
1627329793797000,1,199.88406000,1.0005
1627329852069000,0,1060.17003000,1.0006
1627329852264000,0,610.68997000,1.0006
1627330409705000,1,600.00000000,1.0003
1627330643405000,0,250.90531000,1.0005
1627330643437000,0,252.26629000,1.0005
1627330886559000,0,600.00000000,1.0005
1627330939554000,0,57.25101000,1.0007
1627331118365000,1,599.99998000,1.0005
1627331330434000,1,200.00000000,1.0004
1627331724475000,1,189.31698000,1.0002
1627331724475000,1,60.59555000,1.0002
1627331924846000,1,71.04241000,1.0002
1627331926982000,1,2764.85998000,1.0002
1627331927051000,1,459.21490000,1.0002
1627331927332000,1,907.85132000,1.0002
1627331931457000,1,599.45377000,1.0002
1627332453287000,1,136.98207000,1.0002
1627332848896000,1,1203.19593000,1.0000
1627332848896000,1,1918.59705000,1.0000
1627332849227000,1,4883.78377000,1.0000
1627332849227000,1,3091.63645000,1.0000
1627332849433000,1,4400.51733000,1.0000
1627332851726000,1,112.97543000,1.0000
1627332856012000,1,7666.68495000,1.0000
1627332863664000,1,4294.67920000,1.0000
1627332873723000,1,708.49892000,1.0000
1627332893733000,1,435.87176000,1.0000
1627332893733000,1,684.50526000,1.0000
1627332894115000,1,2759.46661000,1.0000
1627332904450000,1,3125.69231000,1.0000
1627332904450000,1,159.00000000,1.0000
1627332904450000,1,5.59305000,1.0000
1627332904485000,1,1647.59655000,1.0000
1627333032386000,1,600.00000000,1.0000
1627333032386000,1,366.44719000,1.0000
1627333036320000,0,435.87176000,1.0000
1627333037138000,1,600.00000000,1.0000
1627333037138000,1,1003.80260000,1.0000
1627333050885000,1,112.97543000,1.0001
1627333051169000,1,487.02457000,1.0001
1627333228764000,1,306.73065000,1.0000
1627333558950000,1,112.97543000,1.0000
1627333559216000,1,3429.65462000,1.0000
1627333682244000,1,600.00000000,1.0000
1627333682244000,1,3686.30764000,1.0000
1627333682244000,1,1421.64909000,1.0000
1627334067707000,1,815.44668000,1.0000
1627334067707000,1,1184.55332000,1.0000
1627334123554000,1,2000.00000000,1.0000
1627334486410000,1,112.97543000,1.0000
1627334486783000,1,137.12891000,1.0000
1627334547482000,0,25.00000000,1.0002
1627334661137000,1,250.12130000,1.0000
1627334704073000,1,362.94847000,1.0000
1627334704239000,1,629.44658000,1.0000
1627334726747000,1,250.11071000,1.0000
1627334765285000,1,25.00000000,1.0000
1627334806324000,1,238.87910000,1.0000
1627334806324000,1,106.12090000,1.0000
1627334966883000,1,112.83776000,1.0000
1627334967237000,1,137.27590000,1.0000
1627335207205000,1,250.02128000,1.0000
1627335327411000,1,250.01705000,1.0000
1627335447298000,1,250.01410000,1.0000
1627335567297000,1,249.97683000,1.0000
1627335568681000,1,112.98223000,1.0000
1627335568729000,1,249.97683000,1.0000
1627335568951000,1,3173.70390000,1.0000
1627335572895000,1,1954.38304000,1.0000
1627335573155000,1,722.34621000,1.0000
1627335573155000,1,2664.08438000,1.0000
1627335573155000,1,4492.49625000,1.0000
1627335573198000,1,957.37624000,1.0000
1627335578904000,1,5128.08693000,0.9999
1627335744011000,0,600.00000000,0.9999
1627335744103000,1,600.00000000,0.9999
1627335839410000,0,600.00000000,0.9999
1627335839410000,0,929.20605000,1.0000
1627335973503000,0,600.00000000,0.9999
1627335973503000,0,3563.29018000,1.0000
1627335973503000,0,3536.66295000,1.0000
1627335973503000,0,3554.58168000,1.0000
1627335973503000,0,2992.50000000,1.0000
1627335973503000,0,1352.39579000,1.0004
1627335973809000,1,1958.02308000,0.9999
1627335974498000,1,1958.51607000,0.9999
1627335976506000,1,1205.66429000,0.9999
1627335976790000,1,720.87375000,0.9999
1627335991866000,1,708.84688000,0.9999
1627335992562000,1,276.22556000,0.9999
1627335992564000,1,264.82575000,0.9999
1627336027963000,1,63.76165000,0.9999
1627336054121000,1,112.82580000,0.9999
1627336054121000,1,596.07017000,0.9999
1627336204615000,1,1483.85677000,0.9999
1627336204697000,1,484.85000000,0.9999
1627336204821000,1,5633.26156000,0.9999
1627336204862000,1,178.99352000,0.9999
1627336210402000,1,676.20124000,0.9999
1627336376145000,1,341.11636000,0.9999
1627336729288000,0,112.82580000,0.9999
1627336729288000,0,600.00000000,0.9999
1627336729288000,0,5532.38233000,1.0003
1627337028571000,1,783.19040000,0.9999
1627337031163000,1,1626.81835000,0.9999
1627337031185000,1,609.18712000,0.9999
1627337205385000,0,600.00000000,0.9999
1627337305789000,1,47.74327000,1.0000
1627337668315000,1,249.99750000,1.0000
1627337668643000,0,249.99750000,1.0000
1627337789093000,1,249.99750000,1.0000
1627337909172000,1,249.99750000,1.0000
1627338029299000,1,249.99750000,1.0000
1627338277000000,1,708.27092000,1.0000
1627338349926000,1,596.44786000,1.0000
1627338361401000,1,196.57629000,1.0000
1627338509813000,1,249.99749000,1.0000
1627338633996000,1,1163.13857000,1.0000
1627339230183000,1,249.99749000,1.0000
1627339462639000,0,245.81508000,1.0000
1627339466908000,0,354.18492000,1.0000
1627339500351000,0,61.34966000,1.0003
1627339523782000,1,115.29200000,1.0002
1627339913057000,0,600.00000000,1.0001
1627339913057000,0,1440.97368000,1.0004
1627340407470000,0,38.49500000,1.0001
1627340407470000,0,600.00000000,1.0001
1627340407470000,0,365.77324000,1.0002
1627340668202000,0,29.99400000,1.0001
1627340668202000,0,64.94832000,1.0001
1627340785431000,1,94.94232000,1.0000
1627341513025000,1,1000.03299000,1.0000
1627341834499000,0,56.04545000,1.0001
1627342495645000,0,600.00000000,1.0000
1627342495645000,0,151.62000000,1.0000
1627342495645000,0,335.62456000,1.0002
