timestamp ms,type,amount,price
1623369740512000,1,376.26232800,0.5429
1623370296874000,0,52.90809530,0.5490
1623373852940000,1,177.77652029,0.5302
1623373853068000,1,0.00000001,0.5302
1623373853068000,1,389.03503424,0.5288
1623374260812000,1,1552.24143044,0.5295
1623374261505000,1,331.43924990,0.5295
1623374270957000,0,64.20909503,0.5295
1623375947087000,0,177.77652029,0.5340
1623375947087000,0,0.00000001,0.5340
1623384841246000,0,92.24922049,0.5420
1623387189448000,0,93.95518450,0.5420
1623387189840000,0,1512.08011070,0.5420
1623387195515000,0,713.98817123,0.5420
1623387200585000,0,53.10544026,0.5423
1623387200649000,0,11.10365477,0.5423
1623389358905000,0,50.00000000,0.5406
1623389608400000,0,1144.28428142,0.5402
1623390714495000,0,373.14866112,0.5415
1623391383544000,1,50.00000000,0.5356
1623391856554000,0,165.34393519,0.5383
1623393129052000,1,475.76039081,0.5356
1623394598184000,1,181.81355053,0.5340
1623394669613000,0,775.00000000,0.5340
1623394669613000,0,496.35904155,0.5341
1623395008683000,1,3229.76838362,0.5344
1623395164299000,0,92.15253349,0.5333
1623396795547000,0,50.00000000,0.5390
1623397927562000,0,54.55734030,0.5354
1623398479608000,0,54.55734030,0.5390
1623398564933000,1,537.20464483,0.5391
1623399368142000,0,150.00000000,0.5415
1623399838420000,0,323.15934861,0.5406
1623399838420000,0,1196.53818648,0.5406
1623401125139000,1,1110.73573760,0.5412
1623401573970000,0,63.69985773,0.5445
1623402049331000,0,50.00000000,0.5490
1623402314602000,0,52.43234657,0.5540
1623402314691000,0,0.00001651,0.5540
1623402330282000,0,46.48148148,0.5562
1623402332292000,0,37.21059972,0.5565
1623402332292000,0,88.28235640,0.5566
1623402339381000,0,36.00000000,0.5590
1623402374673000,1,1693.16555141,0.5598
1623402374674000,1,1306.83444859,0.5598
1623402374674000,1,1409.13273028,0.5598
1623402374804000,1,657.53424648,0.5590
1623402509529000,1,266.46035833,0.5539
1623402569641000,1,828.08031615,0.5564
1623402912063000,1,604.21784865,0.5615
1623402923185000,1,857.61957001,0.5615
1623402929024000,1,973.75410000,0.5615
1623402929024000,1,247.53953178,0.5615
1623403355427000,1,367.71735773,0.5583
1623403355737000,1,782.00000000,0.5583
1623403499795000,0,89.99999999,0.5613
1623403499814000,0,0.00000001,0.5613
1623403500014000,0,63.55701030,0.5634
1623403798551000,0,1457.08398351,0.5651
1623403798551000,0,1264.14222040,0.5651
1623404042522000,1,1348.41982674,0.5611
1623404503050000,0,36.54661017,0.5666
1623404515344000,0,50.20396489,0.5690
1623404521500000,0,93.59925121,0.5708
1623404536281000,0,785.99999999,0.5718
1623404536287000,0,0.00000001,0.5718
1623404536287000,0,792.00000000,0.5719
1623404757987000,0,97.86999325,0.5640
1623404824726000,1,50.20396489,0.5611
1623405740264000,0,782.00000000,0.5597
1623406975527000,0,1472.76385964,0.5589
1623406975527000,0,3685.12514528,0.5590
1623407073112000,1,200.29101104,0.5578
1623407076669000,1,1081.46112282,0.5578
1623407172742000,1,990.09330309,0.5588
1623408353020000,0,44.73952647,0.5588
1623408858513000,1,145.42000000,0.5577
1623410087894000,0,44.73952647,0.5623
1623410116203000,0,586.24426992,0.5630
1623410175959000,0,170.00000000,0.5649
1623412669470000,1,192.68209033,0.5622
1623414614430000,0,50.20396489,0.5690
1623414976297000,0,43.83503997,0.5750
1623414976320000,0,2610.77379608,0.5756
1623414977355000,0,44.82142857,0.5768
1623414978298000,0,99.70444753,0.5770
1623414979584000,0,641.36825232,0.5790
1623414979584000,0,50.20396489,0.5790
1623414987980000,0,35.72512542,0.5797
1623414988934000,0,46.28703704,0.5800
1623414988934000,0,1639.64596296,0.5800
1623414988971000,0,782.00000000,0.5800
1623414989020000,0,14192.72618521,0.5800
1623414989044000,0,597.27195000,0.5800
1623414989483000,0,641.36825232,0.5800
1623414989582000,0,14175.94440542,0.5800
1623414989785000,0,612.84581731,0.5800
1623414989993000,0,782.00000000,0.5800
1623414990105000,0,14175.49283046,0.5800
1623414990608000,0,3492.21335788,0.5800
1623414990653000,0,4090.49123844,0.5800
1623414991314000,0,35.62843865,0.5812
1623415288736000,0,14142.42352831,0.5820
1623415289277000,0,1308.78064820,0.5820
1623415306303000,0,96.51493349,0.5854
1623415629164000,0,713.58184104,0.5886
1623415633026000,1,1704.45077504,0.5844
1623415648510000,1,53.31816727,0.5866
1623416444675000,1,1420.13285373,0.5801
1623416444676000,1,0.00000001,0.5801
1623416498389000,1,1169.06610000,0.5808
1623416575004000,0,1719.50989165,0.5819
1623416920666000,0,756.00000000,0.5816
1623417154021000,0,776.00000000,0.5823
1623417176141000,1,36.60000000,0.5822
1623417425262000,0,100.00000000,0.5859
1623417553108000,0,1295.60721045,0.5897
1623417553108000,0,788.00000000,0.5897
1623417553108000,0,2158.91895841,0.5898
1623417553108000,0,35.10526316,0.5899
1623417553183000,1,722.36856798,0.5899
1623418048240000,0,100.00000000,0.5873
1623418524543000,1,269.07760198,0.5889
1623420562269000,1,40.00000000,0.5796
1623420649457000,1,1421.30127380,0.5798
1623420660925000,1,586.51013730,0.5796
1623420661409000,1,430.97000000,0.5796
1623420700011000,1,572.11691194,0.5790
1623420700396000,1,90.10000000,0.5790
1623420741964000,1,180.64948488,0.5801
1623420775960000,1,519.04782235,0.5799
1623421192441000,1,133.04863525,0.5778
1623421592606000,1,399.36459071,0.5782
1623421751463000,1,1430.78978516,0.5762
1623421751463000,1,1261.30167653,0.5759
1623421751463000,1,6043.03767068,0.5759
1623421751939000,1,1430.78978516,0.5762
1623423247410000,1,1440.33724564,0.5729
1623423247410000,1,3371.85800000,0.5726
1623423247410000,1,3601.27454849,0.5726
1623423247410000,1,5955.17000000,0.5725
1623423247410000,1,1240.82217997,0.5725
1623423258844000,1,1439.96323172,0.5732
1623423639528000,0,610.22386498,0.5736
1623423839169000,1,50.20396489,0.5711
1623424058616000,1,177.00464534,0.5700
1623424058981000,1,713.58184104,0.5700
1623424657326000,1,1453.85732411,0.5675
1623424673041000,1,0.00002558,0.5675
1623424673041000,1,1454.51840932,0.5675
1623424673292000,1,1454.51840932,0.5675
1623424673596000,0,1454.51838016,0.5675
1623424773329000,1,97.55118017,0.5674
1623424799006000,1,1457.29203376,0.5665
1623424994848000,1,425.66769085,0.5659
1623425205326000,1,737.74192485,0.5659
1623425248853000,1,234.37646485,0.5663
1623426289609000,1,565.92868320,0.5634
1623426296228000,1,100.00000000,0.5632
1623426739115000,1,193.55256003,0.5616
1623427223372000,1,50.20396489,0.5611
1623427236207000,0,35.66145676,0.5610
1623427617466000,1,234.02882152,0.5648
1623428399011000,0,1470.95815099,0.5625
1623428399011000,0,1778.24456561,0.5626
1623428399011000,0,801.00000000,0.5626
1623428399011000,0,760.00000000,0.5627
1623428399011000,0,3677.39537747,0.5627
1623428399011000,0,4552.51000000,0.5628
1623428399011000,0,1176.55156636,0.5629
1623428423947000,1,722.23679431,0.5622
1623428596683000,1,44.82142857,0.5600
1623428597322000,1,521.44562214,0.5581
1623428671646000,1,652.17391296,0.5598
1623428684139000,1,766.00000000,0.5585
1623428688048000,1,3371.85800000,0.5572
1623428688048000,1,809.00000000,0.5572
1623428693740000,1,807.00000000,0.5575
1623428730809000,0,69.96143152,0.5573
1623428732096000,1,768.00000000,0.5564
1623428735625000,1,1416.29856848,0.5564
1623428991606000,0,812.00000000,0.5566
1623428992623000,0,782.00000000,0.5570
1623428993305000,0,145.83660209,0.5572
1623429056670000,1,524.06850474,0.5553
1623429057243000,1,765.00000000,0.5552
1623429057243000,1,791.00000000,0.5550
1623429057243000,1,790.00000000,0.5549
1623429057243000,1,1253.18900432,0.5545
1623434373243000,1,1473.79932403,0.5604
1623434373243000,1,3684.99281795,0.5602
1623436838215000,1,122.83896121,0.5623
1623437064053000,1,605.06934682,0.5590
1623437160024000,0,118.10389563,0.5588
1623437368150000,1,38.00000000,0.5607
1623437382559000,1,1731.81078725,0.5613
1623438104898000,1,613.53390194,0.5621
1623438111800000,0,782.00000000,0.5626
1623438322689000,0,1474.67933500,0.5603
1623438325450000,0,0.00000533,0.5603
1623438325450000,0,1474.29107936,0.5606
1623441289204000,0,1496.55171654,0.5521
1623441588132000,1,80.10389563,0.5529
1623442932412000,1,36.00000000,0.5502
1623442948722000,1,41.98181818,0.5500
1623442948983000,1,1820.64779243,0.5490
1623442948983000,1,810.92716013,0.5488
1623443076180000,0,91.01168590,0.5494
1623443625300000,0,927.37268518,0.5529
1623446847021000,1,1524.75042541,0.5412
1623446916683000,0,62.82219471,0.5412
1623446939467000,1,50.00000000,0.5411
1623447002758000,1,46.48148148,0.5400
1623447176714000,1,91.69054441,0.5354
1623447432144000,1,3371.85800000,0.5318
1623447432144000,1,179.04054822,0.5318
1623447432144000,1,1879.64958043,0.5318
1623447432144000,1,812.00000000,0.5317
1623447432144000,1,6245.31000000,0.5317
1623447432144000,1,1551.50068437,0.5317
1623447432144000,1,753.00000000,0.5316
1623447432144000,1,3878.31647405,0.5316
1623447432144000,1,4701.58999402,0.5315
1623447432144000,1,799.00000000,0.5315
1623447432144000,1,795.00000000,0.5313
1623447432144000,1,50.00000000,0.5311
1623447432144000,1,54.55734030,0.5311
1623447432144000,1,1337.00494344,0.5311
1623447432144000,1,7758.84073945,0.5309
1623447432144000,1,9776.74530561,0.5308
1623447472791000,0,282.06622915,0.5342
1623447532918000,1,387.45870390,0.5330
1623447652968000,1,387.15272400,0.5332
1623447773018000,1,387.15871958,0.5332
1623447893273000,1,387.15868792,0.5335
1623448013238000,1,386.76340908,0.5346
1623448047338000,1,1541.63263114,0.5352
1623448047338000,1,3616.25637378,0.5349
1623448253539000,1,385.39803909,0.5359
1623448373537000,1,385.36239479,0.5359
1623448853993000,1,386.43459980,0.5305
1623449046084000,0,188.86326594,0.5326
1623449731247000,0,188.86320000,0.5346
1623449731691000,0,0.00006594,0.5346
1623449973578000,0,812.00000000,0.5356
1623450239879000,0,50.00000000,0.5390
1623450414570000,1,226.13401881,0.5391
1623450479238000,1,927.37268518,0.5394
1623450774981000,0,383.64741268,0.5383
1623450894780000,1,145.46045354,0.5380
1623451134902000,1,190.70089071,0.5369
1623451163446000,1,775.70959068,0.5366
1623451375109000,1,385.30894070,0.5353
1623452215604000,1,201.65466197,0.5337
1623452455672000,1,386.58396682,0.5328
1623452695794000,1,172.75111800,0.5327
1623452970281000,1,1550.65332395,0.5322
1623452970391000,0,1563.71772234,0.5321
1623453255722000,1,96.34104516,0.5324
1623454788288000,1,104.08687619,0.5294
1623456249338000,0,56.66257437,0.5294
1623457368252000,1,50.00000000,0.5255
1623458180364000,0,50.00000000,0.5290
1623461350620000,1,48.26923076,0.5200
1623461372119000,1,282.06622915,0.5165
1623461378362000,0,54.20998625,0.5162
1623461776074000,0,762.00000000,0.5134
1623463180079000,1,699.39265332,0.5100
1623463180335000,1,300.60734667,0.5100
1623463180343000,1,0.00000001,0.5100
1623463240897000,1,610.22386498,0.5076
1623464550454000,1,65.00000000,0.5029
1623464611697000,0,47.72605246,0.5028
1623464632271000,1,89.23139864,0.5021
1623465106405000,1,50.20000000,0.5000
1623465106405000,1,40.00000000,0.5000
1623465106405000,1,1000.00000000,0.5000
1623465106405000,1,130.00000000,0.5000
1623465106405000,1,200.01000000,0.5000
1623468332880000,1,1584.10393996,0.5063
1623468333049000,1,389.15809540,0.5063
1623468570962000,0,1584.10393997,0.5066
1623468903124000,0,759.00000000,0.5042
1623469365231000,0,791.00000000,0.5013
1623469384496000,0,1647.48718173,0.5036
1623469512258000,0,790.00000000,0.5021
1623469827192000,0,702.98769768,0.5014
1623469827192000,0,284.74671171,0.5015
1623470452302000,1,675.23353453,0.5071
1623470944490000,1,253.07231529,0.5027
1623471062652000,1,253.02197868,0.5028
1623471533842000,1,276.43097519,0.5049
1623471965405000,1,100.00000000,0.5049
1623472767170000,1,1833.00000000,0.4980
1623473633182000,1,500.00000000,0.4950
1623473633182000,1,200.00000000,0.4950
1623473633316000,1,1674.39192750,0.4942
1623473633316000,1,357.72802806,0.4940
1623473703449000,0,1679.86317481,0.4939
1623473703449000,0,344.68729288,0.4940
1623473747726000,0,6134.29000000,0.4941
1623473855062000,1,1616.00000000,0.4937
1623473962592000,0,771.00000000,0.4946
1623473966531000,0,957.25201922,0.4948
1623474012890000,0,578.18021961,0.4955
1623474015552000,0,1345.35884029,0.4964
1623474018553000,0,767.00000000,0.4967
1623474022536000,0,797.00000000,0.4966
1623474022536000,0,765.00000000,0.4967
1623474022536000,0,2817.72274942,0.4969
1623474023098000,0,1761.49574942,0.4969
1623474133240000,1,300.55523109,0.4965
1623476025039000,0,1650.06397244,0.5026
1623476025039000,0,775.00000000,0.5029
1623476025039000,0,4123.43622572,0.5030
1623476025039000,0,777.00000000,0.5031
1623476025039000,0,1407.75401045,0.5031
1623477019569000,1,771.00000000,0.4934
1623477019569000,1,791.00000000,0.4931
1623477019569000,1,794.00000000,0.4929
1623477019569000,1,2029.37177412,0.4923
1623477019569000,1,2029.83240488,0.4921
1623477019569000,1,2318.05002961,0.4921
1623477160399000,0,44.70726900,0.4921
1623477356909000,0,40.00000000,0.4942
1623477764406000,0,203.43916860,0.4989
1623477907116000,1,85.87458600,0.4954
1623478429983000,0,1652.78541962,0.5017
1623478429983000,0,4132.21925121,0.5020
1623478429983000,0,2782.65208372,0.5020
1623478948773000,1,50.00000000,0.5002
1623480964431000,1,160.62405986,0.5015
1623481236480000,0,44.70726900,0.5041
1623481388219000,1,410.70457296,0.5045
1623481436358000,1,65.79701317,0.5066
1623481492045000,1,87.72935090,0.5081
1623481805733000,0,50.00000000,0.5078
1623481813605000,1,100.00000000,0.5075
1623481813605000,1,50.00000000,0.5075
1623482321274000,1,861.36162806,0.5056
1623483064022000,1,52.31042654,0.5055
1623485214868000,1,563.35047554,0.5036
1623485214963000,0,1191.35079324,0.5036
1623485215284000,0,1191.11396237,0.5036
1623485218261000,0,16446.14752921,0.5036
1623485219036000,0,1644.54065041,0.5036
1623485219037000,0,16445.40650406,0.5036
1623485220598000,0,16441.95926883,0.5036
1623485220698000,0,5855.79000000,0.5036
1623485220945000,0,1191.35079324,0.5036
1623485221004000,0,782.00000000,0.5036
1623485221005000,0,627.94106784,0.5036
1623485221139000,0,16439.30131589,0.5036
1623485221140000,0,1837.69709905,0.5036
1623485221378000,0,1004.85769314,0.5036
1623485221468000,0,782.00000000,0.5036
1623485221547000,0,1644.01430488,0.5036
1623485221654000,0,12025.23340020,0.5036
1623485225533000,0,782.00000000,0.5036
1623485229052000,0,782.00000000,0.5036
1623485231278000,0,782.00000000,0.5036
1623485231680000,1,3371.85800000,0.5035
1623485231680000,1,1984.93825840,0.5035
1623485231680000,1,5283.36751260,0.5034
1623485232111000,0,96.89128924,0.5036
1623485233629000,0,9062.53110000,0.5036
1623485235672000,0,694.84655472,0.5036
1623485235837000,0,1984.74092070,0.5036
1623485237227000,0,198.55846554,0.5036
1623485237385000,0,1289.89436598,0.5036
1623485238646000,0,172.00656000,0.5036
1623485238842000,0,16436.37847711,0.5036
1623485239414000,0,11049.95728500,0.5036
1623485239614000,0,876.01429061,0.5036
1623485710007000,1,407.94345051,0.5075
1623485854734000,1,1632.41097597,0.5071
1623485854734000,1,3371.85800000,0.5068
1623485854734000,1,806.00000000,0.5068
1623485854734000,1,2757.38777858,0.5067
1623485935979000,0,495.79710152,0.5058
1623485935979000,0,499.78254509,0.5058
1623486087532000,0,409.26574410,0.5062
1623486415073000,1,1635.04265430,0.5063
1623486415251000,0,1635.04265430,0.5063
1623486630530000,1,8605.66422894,0.5046
1623487583441000,1,160.00000000,0.5000
1623487583441000,1,237.04171934,0.5000
1623487840457000,1,299.99998337,0.4980
1623487858284000,1,1664.66756342,0.4971
1623487858284000,1,1318.75004258,0.4969
1623487858284000,1,3371.85800000,0.4969
1623487858284000,1,2250.38862294,0.4969
1623487946650000,0,100.25062656,0.4988
1623487957672000,0,40.06731308,0.4992
1623487967525000,0,7290.11000000,0.4993
1623487967525000,0,787.00000000,0.4993
1623487967525000,0,487.53967583,0.4994
1623492886234000,1,791.00000000,0.4949
1623492886234000,1,744.99999999,0.4947
1623492886916000,1,0.00000001,0.4947
1623492886916000,1,524.06850473,0.4944
1623492953807000,0,44.50288257,0.4941
1623493370660000,0,1100.47569000,0.4961
1623493370660000,0,812.00000000,0.4961
1623493370660000,0,606.35816108,0.4964
1623493632246000,1,417.85756071,0.4963
1623493752550000,1,415.68979564,0.4971
1623493923004000,0,125.09113354,0.5063
1623494029767000,0,803.00000000,0.5045
1623494103026000,0,44.50288257,0.5064
1623494182817000,0,175.00000000,0.5090
1623494185122000,0,50.00000000,0.5090
1623494228159000,0,987.32858462,0.5105
1623494584336000,0,50.00000000,0.5140
1623494731638000,0,50.20000000,0.5150
1623494731638000,0,47.72605246,0.5151
1623495689976000,1,685.32267264,0.5176
1623495690095000,0,96.67731839,0.5176
1623495766921000,0,782.00000000,0.5177
1623495767388000,0,1152.67812221,0.5177
1623495767570000,0,2124.88769060,0.5178
1623495767747000,0,93.95519765,0.5178
1623495767900000,0,2124.88769060,0.5178
1623495768053000,0,493.06312882,0.5178
1623495774589000,0,0.00000673,0.5178
1623495830417000,0,520.41124425,0.5163
1623495830435000,0,287.58875575,0.5163
1623496009773000,1,104.14610069,0.5166
1623498779345000,1,263.03828886,0.5124
1623498779566000,1,470.84723965,0.5124
1623498779592000,1,49.11447149,0.5124
1623498779592000,1,798.00000000,0.5122
1623498779805000,1,781.99999999,0.5120
1623499873200000,0,816.00000000,0.5163
1623500841805000,0,95.39766784,0.5176
1623501128489000,0,50.00000000,0.5190
1623501406254000,0,758.99999999,0.5206
1623501423427000,0,0.00000001,0.5206
1623501798955000,0,790.00000000,0.5216
1623502496109000,0,237.04171934,0.5250
1623503251131000,0,752.00000000,0.5256
1623503251131000,0,1577.02629753,0.5258
1623503251652000,0,782.00000000,0.5256
1623503251652000,0,5642.49000000,0.5260
1623503252149000,0,680.27210880,0.5261
1623503252149000,0,1576.12732970,0.5261
1623503252149000,0,3260.80290321,0.5262
1623505596185000,0,50.00000000,0.5290
1623505596743000,0,54.20998625,0.5291
1623505715351000,1,1567.89679369,0.5269
1623505715351000,1,1794.66516741,0.5269
1623505716455000,1,314.10000000,0.5269
1623505857998000,1,1093.58865157,0.5270
1623507527787000,1,50.00000000,0.5211
1623507857167000,0,94.50979640,0.5200
1623509469086000,1,147.64180341,0.5208
1623510675573000,1,791.00000000,0.5246
1623512123589000,1,396.95089700,0.5214
1623512529337000,1,40.00000000,0.5209
1623512697153000,1,853.08937177,0.5179
1623512697701000,1,745.32582200,0.5179
1623512697977000,0,107.76351268,0.5179
1623513156451000,1,681.04426776,0.5173
1623513156541000,1,170.40211991,0.5173
1623513219605000,1,99.99999999,0.5157
1623513219612000,1,0.00000001,0.5157
1623513686992000,0,99.99999999,0.5190
1623513686992000,0,0.00000001,0.5190
1623513687823000,1,682.00000000,0.5190
1623513687823000,1,169.44635401,0.5188
1623515819035000,1,1000.00000000,0.5210
1623516785086000,1,656.19743899,0.5214
1623518097992000,0,987.73440939,0.5201
1623518629879000,0,384.74116538,0.5198
1623521424329000,0,66.31975838,0.5234
1623521452256000,1,122.92895378,0.5225
1623521989951000,1,902.49449478,0.5244
1623522026348000,1,782.00000000,0.5241
1623522026375000,1,1473.44743369,0.5241
1623526596984000,1,852.50075117,0.5229
1623526716586000,1,1000.00000000,0.5210
1623526786798000,0,1593.17276102,0.5203
1623526959951000,1,183.14502347,0.5199
1623527016979000,1,193.00865708,0.5203
1623528417066000,0,782.00000000,0.5245
1623528417098000,0,218.00000000,0.5245
1623530295479000,1,1000.00000000,0.5199
1623533860437000,1,50.00000000,0.5156
1623536071750000,0,193.49096397,0.5168
1623536199796000,1,193.49096397,0.5158
1623536547426000,1,783.00000000,0.5119
1623536547609000,1,772.00000000,0.5117
1623536547609000,1,50.00000000,0.5111
1623536547609000,1,100.00000000,0.5107
1623536547609000,1,100.00000000,0.5107
1623536547609000,1,6150.69000000,0.5105
1623536547609000,1,1391.95967583,0.5099
1623536622784000,1,1000.00000000,0.5117
1623537283791000,0,97.60477872,0.5123
1623538413542000,0,100.00000000,0.5140
