timestamp ms,type,amount,price
1621641782453000,1,488.32872183,0.62
1621642151529000,1,527.54265092,0.61
1621642668929000,1,110.12468481,0.61
1621642669579000,1,0.00000001,0.61
1621643496780000,1,123.44223621,0.61
1621643749717000,1,99.02672968,0.61
1621643749857000,1,0.00000001,0.61
1621645134528000,0,52.07062078,0.63
1621645857470000,0,78.57621494,0.62
1621646984532000,0,263.77132546,0.63
1621648558750000,0,782.00000000,0.62
1621648559175000,0,9703.56015110,0.62
1621648589887000,1,1329.35719515,0.62
1621648589887000,1,792.00000000,0.62
1621648589887000,1,802.00000000,0.62
1621648589887000,1,4649.91306125,0.62
1621648589887000,1,3324.00532252,0.62
1621648589887000,1,795.00000000,0.62
1621648589887000,1,6643.22482662,0.62
1621648590007000,0,782.00000000,0.62
1621648590043000,0,3363.90562249,0.62
1621648590051000,0,3354.08984311,0.62
1621648590062000,0,13290.79403321,0.62
1621648590160000,0,50.20080322,0.62
1621648590352000,0,807.62430940,0.62
1621648590518000,0,52.99802653,0.62
1621648636852000,0,782.00000000,0.62
1621648636859000,0,13305.48206452,0.62
1621648636979000,0,1330.48453769,0.62
1621648637119000,0,204.56180176,0.62
1621648637367000,0,13296.81541516,0.62
1621648637391000,0,409.01631183,0.62
1621648637536000,0,782.00000000,0.62
1621648637627000,0,408.82794739,0.62
1621648637632000,0,168.96740875,0.62
1621648637659000,0,376.37826925,0.62
1621648637871000,0,13292.39257687,0.62
1621648638032000,0,100.11398219,0.62
1621648638230000,0,1329.23925769,0.62
1621648638233000,0,4651.18144451,0.62
1621648638239000,0,3324.47313337,0.62
1621648638334000,0,376.92666158,0.62
1621648638343000,0,376.92666158,0.62
1621648638344000,0,87.69834000,0.62
1621648638393000,0,198.89204351,0.62
1621648638398000,0,13288.72609670,0.62
1621648638452000,0,376.92666158,0.62
1621648638611000,0,1685.93300000,0.62
1621648639436000,0,13291.55096269,0.62
1621648639462000,0,143.39512798,0.62
1621648661907000,0,56.75092828,0.62
1621648691318000,1,332.84070668,0.62
1621648811535000,1,332.57503200,0.62
1621649098666000,1,180.38313628,0.62
1621649544909000,0,1155.45708118,0.62
1621650215822000,0,320.00000000,0.63
1621651335740000,1,135.25439248,0.61
1621651335740000,1,13442.08983818,0.61
1621651338079000,1,782.00000000,0.61
1621651338482000,1,13581.00424469,0.61
1621651343140000,1,782.00000000,0.61
1621651345126000,1,13581.83631157,0.61
1621651345246000,1,782.00000000,0.61
1621651345664000,1,13589.00096062,0.61
1621651346249000,1,13588.50206565,0.61
1621651346335000,1,782.00000000,0.61
1621651347929000,1,782.00000000,0.61
1621651355529000,1,782.00000000,0.61
1621651356837000,1,782.00000000,0.61
1621651356867000,1,11849.04087519,0.61
1621651378478000,1,13586.59870687,0.61
1621651379011000,1,13586.99399304,0.61
1621651423940000,1,787.99996698,0.61
1621651428964000,1,12808.51335421,0.61
1621651434704000,0,1054.67060806,0.61
1621651493283000,1,10690.28229740,0.61
1621651980251000,0,49.55483242,0.61
1621652337537000,1,534.64671654,0.60
1621652546556000,0,135.25439248,0.60
1621653174113000,1,791.00000000,0.60
1621653232110000,1,801.00000000,0.61
1621653338338000,1,783.00000000,0.60
1621653340390000,1,752.00000000,0.60
1621654124936000,1,599.87996267,0.59
1621654125074000,1,178.12003733,0.59
1621654127350000,0,42.23829155,0.59
1621654161086000,0,178.12000744,0.59
1621654386842000,1,1375.48710068,0.60
1621654386844000,1,0.00000001,0.60
1621654386964000,1,782.00000000,0.60
1621654883627000,1,751.00000000,0.58
1621654890879000,1,1168.51207532,0.58
1621655047141000,1,754.00000000,0.58
1621655206132000,1,1399.70611720,0.59
1621655206132000,1,790.00000000,0.59
1621655206132000,1,771.00000000,0.59
1621655206132000,1,1192.49108774,0.59
1621655206132000,1,770.00000000,0.59
1621655206132000,1,3371.85800000,0.59
1621655206132000,1,71.57341685,0.59
1621655254897000,0,818.00000000,0.59
1621655294199000,1,1390.93089581,0.59
1621655294201000,1,0.00000001,0.59
1621655294375000,0,736.89127012,0.59
1621655490747000,1,20.00000000,0.59
1621655508645000,1,782.00000000,0.59
1621655684010000,0,171.65613842,0.58
1621655684037000,0,401.60642570,0.58
1621655690402000,0,41.19747322,0.58
1621657690094000,1,142.01285869,0.57
1621657690101000,1,0.00000001,0.57
1621657787538000,1,782.00000000,0.57
1621657787554000,1,410.81462889,0.57
1621658145183000,0,859.41200165,0.57
1621658271728000,1,600.56042031,0.57
1621658351947000,1,466.00000000,0.57
1621658367458000,0,34.89953956,0.57
1621658404007000,0,614.55424093,0.57
1621658598070000,1,1429.18940923,0.57
1621658598070000,1,786.00000000,0.57
1621658598070000,1,805.00000000,0.57
1621658598070000,1,3575.57073102,0.57
1621658598070000,1,87.87795996,0.57
1621659035516000,1,133.00000000,0.56
1621659036035000,1,291.90943898,0.56
1621659597374000,1,365.05636703,0.57
1621660208709000,0,142.01285870,0.56
1621660575531000,0,184.85271984,0.56
1621660577149000,0,35.85507454,0.56
1621660780141000,1,1462.64327196,0.55
1621660780146000,1,32.02597989,0.55
1621660780146000,1,290.02662387,0.55
1621660901781000,0,36.50860260,0.55
1621661103231000,0,708.17607637,0.54
1621661299128000,1,376.51736498,0.55
1621661504073000,1,108.19950005,0.54
1621661758254000,0,1218.61313000,0.55
1621661838117000,1,782.00000000,0.55
1621661962364000,0,174.46576418,0.55
1621662187706000,1,460.91568070,0.55
1621662318891000,1,170.00000000,0.55
1621662425876000,0,44.73312219,0.56
1621662431464000,0,36.50860260,0.56
1621662860270000,1,730.66300360,0.56
1621663400978000,1,472.64285714,0.56
1621663764278000,0,200.00000000,0.55
1621664857759000,0,34.00000000,0.54
1621664885570000,0,36.86712359,0.54
1621664901626000,1,38.00000000,0.54
1621665027183000,0,3000.00000000,0.54
1621665051488000,0,302.94327473,0.55
1621665503708000,0,36.86712359,0.55
1621665512661000,0,88.96957873,0.55
1621665600987000,0,88.82035745,0.55
1621666371132000,0,789.00000000,0.56
1621666371132000,0,157.99022323,0.56
1621667216958000,0,323.02160820,0.55
1621667216963000,0,417.39634674,0.55
1621667868542000,0,757.26222565,0.54
1621667868542000,0,142.73777435,0.54
1621667872691000,0,36.83251422,0.54
1621668362372000,0,63.46532649,0.55
1621668427655000,0,36.83251422,0.55
1621668689933000,0,53.70280865,0.56
1621668747463000,1,140.00000000,0.56
1621669057333000,0,61.67262970,0.55
1621669103622000,0,748.92824616,0.55
1621669103622000,0,463.78155676,0.55
1621669333985000,0,463.86595912,0.55
1621669574160000,0,782.00000000,0.55
1621669574160000,0,561.88227242,0.56
1621669774789000,0,472.64285714,0.56
1621670103125000,0,669.66897483,0.56
1621670273843000,1,45.00000000,0.56
1621670360680000,0,467.08784809,0.56
1621670545268000,0,35.85507454,0.57
1621670915676000,0,346.10586974,0.58
1621671132274000,0,51.73038125,0.58
1621671197416000,0,69.20018749,0.58
1621671419805000,0,42.93614536,0.58
1621671486397000,0,85.72359284,0.58
1621671622535000,0,853.93865385,0.58
1621671622535000,0,803.00000000,0.58
1621671622535000,0,186.75911975,0.58
1621671628214000,0,100.00000000,0.58
1621671846196000,0,100.00000000,0.58
1621672615863000,0,384.46619555,0.58
1621673234741000,0,302.90000000,0.58
1621673624736000,0,782.00000000,0.58
1621673625880000,0,164.15930189,0.58
1621674713476000,0,51.76385016,0.58
1621674789739000,1,782.00000000,0.58
1621674789739000,1,1061.69777360,0.58
1621675128961000,1,122.40971378,0.57
1621675232158000,1,309.30836139,0.57
1621675285488000,0,10000.00000000,0.57
1621675413274000,1,1163.70710000,0.57
1621675424199000,0,14400.20255987,0.57
1621675426076000,0,14399.16586425,0.57
1621675426587000,0,782.00000000,0.57
1621675426597000,0,10025.03049698,0.57
1621675439686000,1,793.00000000,0.57
1621675439686000,1,760.00000000,0.57
1621675439686000,1,788.00000000,0.57
1621675439686000,1,3586.79313012,0.57
1621675439686000,1,3371.85800000,0.57
1621675439686000,1,1162.72849000,0.57
1621675439686000,1,14340.92760793,0.57
1621675439686000,1,7179.38111282,0.57
1621675439786000,0,782.00000000,0.57
1621675439839000,0,1430.22906345,0.57
1621675439841000,0,5011.87685449,0.57
1621675439862000,0,14298.99485838,0.57
1621675439862000,0,3586.79313012,0.57
1621675439875000,0,28012.89204859,0.57
1621675445863000,0,10690.28229740,0.57
1621675527928000,1,360.29284602,0.58
1621675647992000,1,355.22969151,0.58
1621675768118000,1,354.61493280,0.58
1621675875790000,0,119.11342984,0.58
1621675888377000,1,354.94725483,0.58
1621675927628000,0,34.89953956,0.58
1621676008492000,1,351.98873636,0.59
1621676015273000,0,768.63813449,0.59
1621676128650000,1,350.69012979,0.59
1621676162606000,0,788.57078296,0.59
1621676241072000,1,300.00000000,0.59
1621676307867000,0,783.76405696,0.59
1621676308457000,0,350.08609159,0.59
1621676323618000,0,10000.00000000,0.59
1621676369069000,0,349.38647734,0.59
1621676489093000,1,349.65033009,0.59
1621676608972000,1,349.41089323,0.59
1621676729238000,1,350.40997967,0.58
1621676849191000,1,351.67181811,0.58
1621676969393000,1,350.66062221,0.59
1621676984945000,0,850.07990751,0.59
1621677089565000,1,351.52842156,0.58
1621677209504000,1,351.80546564,0.58
1621677294287000,0,771.81856729,0.58
1621677362560000,0,225.48839640,0.58
1621677398839000,1,344.67096774,0.58
1621677398839000,1,255.88945257,0.58
1621677569723000,1,159.04988725,0.58
1621677576795000,0,799.80396227,0.58
1621677636265000,1,300.50423040,0.59
1621677809711000,1,352.52475487,0.58
1621678494030000,0,272.02920009,0.58
1621679225638000,0,118.71147688,0.58
1621679314704000,0,1415.38292022,0.58
1621679314704000,0,762.00000000,0.58
1621679314704000,0,3536.77703529,0.58
1621679314704000,0,813.00000000,0.58
1621679314704000,0,4952.26134555,0.58
1621679314704000,0,167.00000000,0.58
1621679314704000,0,1220.50382136,0.58
1621679314704000,0,2288.07487758,0.58
1621680023784000,0,34.00000000,0.59
1621680023862000,0,300.00000000,0.59
1621680032157000,0,41.19747322,0.59
1621680109068000,0,200.00000000,0.59
1621680671629000,0,42.23829155,0.60
1621681069171000,1,200.00000000,0.60
1621681532285000,1,340.91064050,0.60
1621681954983000,0,731.08858700,0.60
1621682077380000,1,791.99996665,0.60
1621682077971000,1,576.67886925,0.60
1621682078191000,1,794.99996665,0.60
1621682079050000,1,4410.70411939,0.60
1621682223962000,1,187.83740834,0.60
1621682559450000,0,728.78326300,0.60
1621682639488000,1,141.91519270,0.60
1621683238893000,1,71.48726156,0.59
1621683248433000,1,203.20251071,0.59
1621683249756000,0,45.49130611,0.59
1621683453192000,1,346.88976126,0.59
1621684517598000,0,100.00000000,0.59
1621684749421000,1,366.23307619,0.60
1621687246515000,1,51.19215694,0.60
1621689039671000,0,467.08784809,0.60
1621689054990000,1,119.11342984,0.60
1621689068041000,1,113.79153390,0.60
1621689886346000,0,45.49130611,0.61
1621690093376000,0,71.48726156,0.61
1621690679641000,0,200.00000000,0.61
1621690715645000,0,49.55483242,0.62
1621690719511000,0,68.10124630,0.62
1621690723096000,0,525.80233554,0.62
1621690728953000,0,70.94695920,0.62
1621690829718000,1,174.63337739,0.61
1621691189404000,1,70.34121832,0.60
1621691349051000,0,174.25493021,0.60
1621691349060000,0,324.29204679,0.60
1621691410083000,0,268.28517000,0.60
1621691410337000,0,86.16774194,0.60
1621691442054000,0,86.16774193,0.61
1621691651023000,1,781.99996696,0.61
1621691651055000,1,574.49349834,0.61
1621691677175000,1,0.00002389,0.61
1621692911197000,1,71.48726156,0.59
1621692911197000,1,875.50296167,0.59
1621693161412000,1,782.00000000,0.60
1621693916897000,1,782.00000000,0.60
1621694063126000,1,208.47690662,0.59
1621694063479000,1,172.33548387,0.59
1621694153755000,0,47.63119843,0.59
1621694237847000,1,72.65260185,0.58
1621694281555000,1,95.29952000,0.58
1621694709703000,0,643.07350957,0.58
1621694740773000,0,782.00000000,0.58
1621694825961000,1,782.52998482,0.58
1621694865974000,0,637.25874060,0.58
1621695174958000,1,482.06092123,0.58
1621695684679000,0,100.55732619,0.59
1621696293435000,1,73.83728569,0.57
1621696293503000,1,0.00000001,0.57
1621696315975000,0,40.02575570,0.57
1621696445878000,0,782.00000000,0.57
1621696446801000,0,5792.38292194,0.57
1621697452606000,0,100.00000000,0.58
1621697483272000,0,68.24401566,0.58
1621697998077000,0,40.02575570,0.59
1621698195891000,0,73.83728570,0.59
1621699360196000,1,349.71393400,0.59
1621699627906000,0,354.68539405,0.58
1621699720558000,1,355.79085190,0.58
1621700182395000,1,184.85271984,0.58
1621702050632000,0,84.49133642,0.59
1621702542325000,1,204.36256191,0.58
1621703652721000,0,823.85181073,0.58
1621703659431000,0,43.36062162,0.58
1621703717045000,1,73.83728570,0.57
1621704667666000,1,75.04133192,0.57
1621704667791000,1,1454.57878012,0.56
1621704667791000,1,431.85955865,0.56
1621704756941000,0,37.25253672,0.56
1621705402450000,1,319.60602383,0.56
1621706761399000,0,34.00000000,0.56
1621706841461000,1,224.13483952,0.56
1621706845490000,1,76.26472927,0.56
1621707463228000,0,1460.71122074,0.56
1621707463228000,0,760.00000000,0.56
1621707463228000,0,442.48887712,0.56
1621708951855000,1,48.56000000,0.56
1621709292447000,0,35.55555555,0.56
1621710819033000,1,58.09698900,0.57
1621711697547000,1,673.56626566,0.56
1621711844330000,1,1451.91916595,0.57
1621711844330000,1,1173.77135000,0.57
1621711844330000,1,3000.00000000,0.57
1621711844330000,1,3371.85800000,0.57
1621711844330000,1,756.00000000,0.57
1621711844330000,1,3524.17230000,0.57
1621711844330000,1,5082.31073194,0.57
1621711844330000,1,783.00000000,0.56
1621711844330000,1,3631.73690134,0.56
1621711844330000,1,781.00000000,0.56
1621711844330000,1,7260.44390276,0.56
1621711844330000,1,1251.68748546,0.56
1621711844330000,1,171.00000000,0.56
1621711844330000,1,14522.05530513,0.56
1621711844330000,1,1739.04485742,0.56
1621712130012000,0,61.31504998,0.57
1621712417372000,0,76.26472927,0.57
1621713193985000,1,76.26472927,0.56
1621714733955000,0,76.26472927,0.57
1621715749973000,0,37.25253672,0.57
1621717247220000,1,357.20406067,0.57
1621717924064000,1,368.37314264,0.57
1621718968088000,0,171.00000000,0.58
1621718968088000,0,562.00000000,0.58
1621718968088000,0,916.94565915,0.58
1621719562708000,1,103.92525696,0.57
1621720114709000,0,608.98554772,0.57
1621720957555000,0,75.04133192,0.58
1621723231934000,1,962.12988009,0.57
1621723231934000,1,482.23091987,0.57
1621723257397000,1,75.04133192,0.57
1621723342891000,0,972.24086173,0.57
1621723351628000,0,45.93639576,0.57
1621723733099000,1,320.00000000,0.56
