timestamp ms,type,amount,price
1622765477168000,1,12.42574257,2.0200
1622765477168000,1,25.83126550,2.0150
1622765477168000,1,10.10000000,2.0113
1622765477168000,1,50.00000000,2.0012
1622765477168000,1,200.00000000,2.0000
1622765477168000,1,12.55000000,2.0000
1622765477168000,1,316.68000000,2.0000
1622765477168000,1,12.67676767,1.9800
1622765477168000,1,70.08140769,1.9777
1622765477168000,1,915.00000000,1.9642
1622765477168000,1,3093.00000000,1.9642
1622765477395000,1,64.43595864,1.9642
1622765479643000,1,114.75331031,1.9642
1622765706473000,1,89.14720812,1.9700
1622765741117000,1,49.18574713,1.9728
1622766724433000,1,200.00000000,1.9640
1622766724433000,1,452.36531382,1.9640
1622766724433000,1,12.80612244,1.9600
1622766724433000,1,915.00000000,1.9555
1622766724433000,1,3093.00000000,1.9555
1622766724433000,1,145.25452717,1.9555
1622766724433000,1,159.36006837,1.9545
1622766957244000,1,329.63359805,1.9618
1622766967743000,1,66.42019481,1.9619
1622767358021000,1,15.65835907,1.9622
1622767617745000,0,22.93320830,1.9549
1622767692152000,0,35.93878184,1.9610
1622767692152000,0,250.25531028,1.9989
1622767692152000,0,200.00000000,1.9989
1622767692152000,0,915.00000000,1.9989
1622767692152000,0,2592.86620352,1.9989
1622769094283000,1,29.26645477,1.9500
1622769128920000,1,27.75445022,1.9500
1622769332532000,1,24.85952946,1.9500
1622769336739000,1,23.70518837,1.9500
1622769382269000,1,200.00000000,1.9500
1622769385453000,0,51.28178830,1.9500
1622769385588000,1,15.00000000,1.9500
1622769385588000,1,700.00000000,1.9500
1622769385588000,1,50.00000000,1.9500
1622769385641000,0,200.00000000,1.9500
1622769386050000,1,10.30000000,1.9436
1622769386050000,1,12.93814432,1.9400
1622769386050000,1,10.33000000,1.9379
1622769386050000,1,166.43185568,1.9200
1622769386107000,1,94.83336730,1.9200
1622769386107000,1,0.00000098,1.9200
1622769386107000,1,53.51869158,1.9200
1622769386107000,1,1.64794014,1.9200
1622769387039000,1,117.00970010,1.9200
1622769387089000,1,419.85286041,1.9200
1622769395329000,0,17.03420000,1.9236
1622769403964000,1,961.48949935,1.9200
1622769490349000,1,35.08886406,1.9100
1622769490394000,1,35.08886406,1.9100
1622769490413000,1,29.82227188,1.9100
1622769490462000,1,200.00000000,1.9089
1622769490462000,1,1150.00471465,1.9089
1622769490462000,1,13.21052631,1.9000
1622769490462000,1,11.00000000,1.9000
1622769490462000,1,75.78475904,1.9000
1622769491189000,1,50.63018333,1.9000
1622769491235000,1,112.82530622,1.9000
1622769491281000,1,100.00000000,1.9000
1622769491317000,1,27.36087499,1.9000
1622769907685000,1,81.03148437,1.9000
1622770018025000,1,28.76068000,1.9000
1622770576947000,1,200.00000000,1.9201
1622770580685000,1,348.85188054,1.9201
1622771480685000,1,200.00000000,1.9100
1622771497964000,1,200.00000000,1.9100
1622771881793000,1,52.53658434,1.9100
1622772382643000,0,90.25662298,1.9345
1622772462738000,1,42.42424242,1.9100
1622772480294000,1,45.56436018,1.9100
1622772636785000,1,253.18645820,1.9100
1622772636785000,1,60.00000000,1.9100
1622772636785000,1,1861.91828538,1.9000
1622772637216000,1,764.73322261,1.9000
1622772637216000,1,14.40000000,1.9000
1622772637216000,1,718.42105263,1.9000
1622772637216000,1,424.36401014,1.9000
1622772637310000,1,58.04125301,1.9000
1622772637310000,1,32.21536997,1.9000
1622772829521000,1,79.04562922,1.9000
1622772829521000,1,35.48238299,1.9000
1622772829521000,1,500.00000000,1.9000
1622772832477000,0,19.47368421,1.9000
1622772833149000,0,44.73684211,1.9000
1622772836142000,0,51.57894737,1.9000
1622772871429000,1,150.49315109,1.8804
1622772871463000,0,39.28617769,1.8802
1622773316821000,0,13.00832134,1.9192
1622776776298000,1,11.46784607,1.9144
1622776791572000,0,112.00178758,1.9300
1622777558750000,0,13.21052631,1.9380
1622777558750000,0,44.73684211,1.9458
1622777558750000,0,33.64677833,1.9527
1622777558750000,0,13.07291666,1.9584
1622777558750000,0,51.57894737,1.9590
1622777558750000,0,12.93814432,1.9788
1622777558750000,0,400.00000000,1.9949
1622777558750000,0,261.26522297,1.9949
1622777558750000,0,15.58321421,1.9949
1622777952744000,0,30.84648150,1.9932
1622778027305000,0,30.85964172,1.9923
1622778631607000,0,10.30000000,1.9946
1622779373597000,1,12.93814432,1.9400
1622779373597000,1,15.00000000,1.9380
1622780176245000,0,50.50733354,1.9752
1622781214567000,0,21.27655494,1.9763
1622781430063000,1,106.85242518,1.9380
1622781556084000,0,28.92013606,1.9785
1622781804025000,1,135.98596000,1.9200
1622781947564000,0,23.56067849,1.9767
1622782552288000,0,200.00000000,1.9694
1622782552288000,0,694.73379549,1.9704
1622783226595000,1,13.07291666,1.9200
1622783264357000,1,97.69771704,1.9000
1622783292117000,0,16.13820220,1.9583
1622783482524000,1,39.31898656,1.9000
1622783485821000,0,50.52604986,1.9000
1622783485899000,0,54.73655402,1.9000
1622783487479000,1,13.21052631,1.9000
1622783487479000,1,239.12631578,1.9000
1622784113581000,1,199.99999469,1.8800
1622784116969000,1,1032.69900000,1.8800
1622784118481000,1,249.70000000,1.8800
1622784298157000,1,200.00000000,1.8800
1622784302152000,1,138.00000000,1.8800
1622784515894000,1,114.97847362,1.8800
1622785231824000,1,100.00000000,1.8800
1622785231824000,1,200.00000000,1.8800
1622785231824000,1,579.60100000,1.8800
1622785231824000,1,15.13279549,1.8800
1622785427608000,1,100.00000000,1.8800
1622785452786000,1,64.97890664,1.8800
1622785452786000,1,50.00000000,1.8800
1622785452786000,1,51.49189189,1.8500
1622785452786000,1,15.00000000,1.8400
1622785452786000,1,200.00000000,1.8300
1622785452786000,1,3093.00000000,1.8300
1622785452786000,1,70.00000000,1.8300
1622785452786000,1,349.52920147,1.8286
1622785452871000,1,117.79468827,1.8286
1622785657771000,0,51.39750715,1.9359
1622785713691000,0,64.70287361,1.9354
1622786085623000,1,200.00000000,1.8500
1622786085623000,1,266.73592788,1.8500
1622786086101000,1,57.70190995,1.8500
1622786086101000,1,209.03401793,1.8394
1622786464829000,1,985.31404364,1.8447
1622786548547000,1,200.00000000,1.8504
1622786548547000,1,233.19648688,1.8504
1622786549040000,1,145.80428055,1.8519
1622786549040000,1,141.66132900,1.8510
1622786963835000,0,31.47659005,1.8853
1622786963835000,0,200.00000000,1.9170
1622786963835000,0,273.00266361,1.9170
1622786963835000,0,720.92001367,1.9171
1622787429927000,1,100.00000000,1.8753
1622787429927000,1,200.00000000,1.8583
1622787429927000,1,280.01222021,1.8583
1622787429927000,1,86.26964425,1.8561
1622787526166000,1,200.00000000,1.8768
1622787526166000,1,248.30393357,1.8768
1622787526569000,1,248.30393357,1.8768
1622788100782000,0,108.73203357,1.8921
1622788567353000,1,20.82382845,1.8423
1622788646428000,0,364.97500000,1.8554
1622788649841000,0,3093.00000000,1.8554
1622788653155000,0,41.50137979,1.8554
1622788654432000,0,45.81321145,1.8554
1622788684102000,0,3093.00000000,1.8554
1622788975251000,1,200.00000000,1.8396
1622788975251000,1,3093.00000000,1.8396
1622788975251000,1,915.00000000,1.8396
1622788975251000,1,150.03334091,1.8395
1622788975251000,1,157.14919430,1.8386
1622788975251000,1,50.00000000,1.8377
1622788975385000,1,20.52065624,1.8100
1622788982292000,1,1161.88291581,1.8377
1622789215197000,1,200.00000000,1.8283
1622789215197000,1,379.30383000,1.8283
1622789215197000,1,175.12821368,1.8281
1622789215197000,1,164.80539017,1.8276
1622789215197000,1,60.64194868,1.8275
1622789240207000,1,200.00000000,1.8272
1622789240207000,1,93.30534185,1.8272
1622789271648000,1,36.20998302,1.8235
1622789300474000,1,106.34323806,1.8204
1622789354973000,1,108.73203357,1.8125
1622789760841000,1,101.14988101,1.8208
1622790043659000,1,50.00000000,1.8240
1622790043704000,1,14.45841286,1.8232
1622790089727000,0,13.71245530,1.8209
1622790644313000,0,81.26017812,1.8268
1622790644313000,0,18.12810303,1.8271
1622791019605000,1,100.00000000,1.8131
1622791019605000,1,35.41751000,1.8000
1622791019605000,1,11.16666666,1.8000
1622791019605000,1,244.00000000,1.8000
1622791019605000,1,11.10000000,1.8000
1622791019605000,1,12.00000000,1.8000
1622791019605000,1,294.77356980,1.8000
1622791122778000,1,705.22643020,1.8000
1622791122778000,1,670.11666666,1.8000
1622791122778000,1,60.00000000,1.8000
1622791122778000,1,45.40555555,1.8000
1622791122778000,1,42.62597307,1.8000
1622791122778000,1,15.00000000,1.8000
1622791122778000,1,155.68343566,1.7874
1622791122778000,1,200.00000000,1.7800
1622791122778000,1,2105.18603915,1.7800
1622791128390000,0,55.16028762,1.8010
1622791133445000,0,36.09206252,1.8010
1622791136446000,0,40.53416253,1.8010
1622791185287000,1,64.70287361,1.7880
1622791229451000,0,222.47799526,1.7900
1622791435361000,0,27.73617222,1.8000
1622791572850000,1,161.17090858,1.7954
1622791572850000,1,165.41818671,1.7945
1622791572850000,1,162.24811949,1.7802
1622791572850000,1,200.00000000,1.7801
1622791572850000,1,3997.13490000,1.7801
1622791572850000,1,478.66269994,1.7801
1622791588799000,1,30.84246000,1.7899
1622791629593000,1,161.15609331,1.7909
1622791629593000,1,151.83776412,1.7900
1622791809237000,0,11.05583333,1.8000
1622791827859000,0,50.00000000,1.8000
1622791831391000,0,11.20799445,1.8000
1622791845104000,1,100.00000000,1.8040
1622791970563000,1,50.00000000,1.8050
1622792080334000,1,49.99999999,1.8100
1622792194810000,1,50.00000000,1.8150
1622792222836000,0,269.17093000,1.8210
1622792222836000,0,400.00000000,1.8212
1622792222836000,0,35.08797873,1.8212
1622792222836000,0,156.74401946,1.8225
1622792222836000,0,1015.21456096,1.8443
1622792237596000,1,21.19313915,1.8147
1622792247921000,0,54.73200344,1.8227
1622792441893000,0,142.09019914,1.8273
1622793169514000,1,50.00000000,1.8350
1622793178108000,1,49.99999999,1.8300
1622793178181000,1,0.00000001,1.8300
1622793378015000,0,159.54987898,1.8291
1622793384362000,0,162.88557880,1.8291
1622793389462000,0,150.18120966,1.8286
1622793439208000,0,152.42618111,1.8270
1622793447383000,0,152.36157803,1.8293
1622793583866000,1,110.74931928,1.8253
1622793658342000,1,200.00000000,1.8253
1622793661838000,1,3093.00000000,1.8253
1622793689265000,1,812.84355105,1.8253
1622793824137000,1,0.00000001,1.8100
1622793824137000,1,110.83180404,1.8004
1622793859278000,1,153.32714605,1.8077
1622793859278000,1,200.00000000,1.8073
1622793859278000,1,164.77443460,1.8073
1622793859278000,1,812.90661787,1.8013
1622793909611000,1,142.09019914,1.8137
1622794015634000,0,100.00000000,1.8252
1622794213172000,0,52.96051608,1.8385
1622794307775000,1,12.96051608,1.8229
1622794315158000,0,12.85540122,1.8373
1622795445654000,0,84.94499234,1.8424
1622795445654000,0,136.54284899,1.8429
1622795445654000,0,36.09206252,1.8443
1622795445654000,0,277.72322997,1.8552
1622795534909000,0,17.87482976,1.8456
1622795609810000,1,30.81433132,1.8456
1622795816777000,1,15.00000000,1.8456
1622795897537000,1,31.69058609,1.8456
1622797782805000,0,26.88805659,1.8503
1622797923898000,1,10.99000000,1.8216
1622798400538000,0,13.72389714,1.8280
1622798695711000,0,32.68340612,1.8399
1622798695711000,0,236.54855925,1.8549
1622798767263000,1,55.31853882,1.8277
1622799854587000,0,13.59276437,1.8348
1622800758551000,1,342.00000000,1.8234
1622801765563000,0,45.98239146,1.8554
1622801919230000,0,131.71099792,1.8554
1622801978809000,1,131.71099792,1.8444
1622802212900000,0,200.00000000,1.8554
1622802289160000,0,430.23664410,1.8554
1622802609351000,0,13.45563664,1.8554
1622804014212000,1,75.61434619,1.8226
1622804201500000,0,10.95823780,1.8290
1622804201500000,0,4.08075168,1.8554
1622804384580000,1,15.00000000,1.8400
1622804384580000,1,15.00000000,1.8300
1622804466657000,1,15.00000000,1.8400
1622804466657000,1,15.00000000,1.8300
1622806463829000,1,52.85540122,1.8000
1622806502512000,1,13.72389714,1.8000
1622806562568000,1,44.48721397,1.8000
1622806562568000,1,5.51278603,1.7949
1622806574300000,1,200.00000000,1.7951
1622806574300000,1,169.33920269,1.7951
1622807634679000,1,200.00000000,1.7966
1622807641413000,0,36.18045699,1.7965
1622808276546000,1,16.00000000,1.7800
1622808276546000,1,65.73446327,1.7700
1622808277054000,1,15.50000000,1.7600
1622808277054000,1,14.23470838,1.7530
1622808505560000,1,20.00000000,1.7501
1622808505560000,1,20.00000000,1.7500
1622808505856000,0,148.17402946,1.7500
1622808506300000,0,33.08519438,1.7500
1622808509863000,0,12.57142857,1.7500
1622808510434000,0,38.85714286,1.7500
1622808525836000,0,165.72230857,1.7500
1622808727530000,0,157.57708666,1.7492
1622809229839000,0,25.00000000,1.7672
1622810072982000,0,157.90552784,1.7660
1622810081480000,0,202.95878000,1.7660
1622810081509000,0,564.35877208,1.7660
1622810135712000,0,33.08519438,1.7953
1622810456589000,0,38.85714286,1.8075
1622810657490000,1,767.31755209,1.7911
1622810873109000,0,69.81072555,1.8160
1622811578226000,0,70.81743000,1.8350
1622811578226000,0,12.57142857,1.8389
1622811578226000,0,24.96869099,1.8398
1622811842100000,1,15.04229894,1.8171
1622814261882000,0,50.00000000,1.8394
1622814261882000,0,11.21176600,1.8398
1622814349310000,0,351.66138477,1.8500
1622814368971000,0,8.33861523,1.8500
1622814389769000,0,3093.00000000,1.8554
1622814676274000,0,25.00000000,1.8553
1622814676274000,0,1.88536995,1.8554
1622814897044000,0,75.58658251,1.8553
1622815150741000,0,10.72612419,1.8553
1622815463203000,1,200.00000000,1.8300
1622815468567000,1,200.00000000,1.8300
1622815473006000,1,200.00000000,1.8300
1622815477661000,1,86.31270670,1.8300
1622815512667000,1,50.00000000,1.8300
1622815833444000,1,25.78949201,1.8300
1622815834075000,1,43.01267668,1.8300
1622816081595000,1,50.00000000,1.8326
1622816169004000,1,200.00000000,1.8300
1622816193921000,1,1413.98237526,1.8300
1622816675262000,1,134.25274725,1.8200
1622816763542000,0,400.00000000,1.8083
1622816763542000,0,379.81539000,1.8083
1622817696130000,1,200.00000000,1.8152
1622817696130000,1,1271.44759102,1.8152
1622817696130000,1,3080.75014736,1.8105
1622817696682000,1,915.00000000,1.8152
1622817696682000,1,12.24985264,1.8105
1622817696682000,1,153.69621913,1.8105
1622817696682000,1,156.43990560,1.8096
1622817701193000,1,159.34869376,1.8099
1622817701742000,1,915.00000000,1.8099
1622817701742000,1,3093.00000000,1.8099
1622817720262000,1,3093.00000000,1.8117
1622817720262000,1,915.00000000,1.8117
1622817720262000,1,155.98115080,1.8117
1622817723620000,1,915.00000000,1.8094
1622817723620000,1,162.00033486,1.8093
1622817724139000,1,3093.00000000,1.8094
1622817724139000,1,149.20929552,1.8094
1622818119838000,0,35.13988000,1.8200
1622818844796000,0,30.00000000,1.8258
1622819129652000,0,292.83800000,1.8435
1622819188507000,0,179.94137000,1.8457
1622819188507000,0,400.00000000,1.8459
1622819188507000,0,154.76378164,1.8459
1622819188507000,0,161.67956688,1.8469
1622819215047000,0,915.00000000,1.8481
1622819215047000,0,154.89341606,1.8481
1622819215047000,0,93.38800293,1.8490
1622819367065000,1,200.00000000,1.8435
1622819367065000,1,70.40488526,1.8435
1622819683028000,1,152.67976900,1.8435
1622819699231000,1,132.82348761,1.8435
1622820743149000,0,538.54048611,1.8522
1622821162062000,0,225.41400000,1.8532
1622821170814000,0,182.99989207,1.8532
1622821383006000,1,97.30210329,1.8479
1622821426456000,1,47.51880556,1.8480
1622821590873000,1,13.59276437,1.8492
1622822233820000,1,200.00000000,1.8526
1622822233820000,1,208.41389207,1.8526
1622822507284000,0,200.00000000,1.8551
1622822507284000,0,68.85039404,1.8551
1622823041979000,0,320.23729165,1.8554
1622823043967000,0,160.05537991,1.8554
1622823049390000,0,371.83368000,1.8554
1622823049777000,0,158.83160723,1.8554
1622823058740000,0,211.51423009,1.8554
1622823059230000,0,158.83159860,1.8554
1622823064690000,0,148.06106092,1.8554
1622823065087000,0,371.85572000,1.8554
1622823070343000,0,1222.62525000,1.8554
1622823073460000,0,371.86373000,1.8554
1622823075404000,0,2662.24959000,1.8554
1622823083593000,0,106.28483959,1.8554
1622823088135000,0,193.00000000,1.8554
1622823089213000,0,3058.00000000,1.8554
1622823091008000,0,2012.19381000,1.8554
1622823092880000,0,255.42798114,1.8554
1622823093576000,0,3058.00000000,1.8554
1622823094348000,0,651.00000000,1.8554
1622823098299000,0,370.46465233,1.8554
1622823265072000,1,22.56408000,1.8597
1622823271220000,1,134.59898313,1.8597
1622823283342000,1,22.57893000,1.8598
1622823291053000,1,137.33110994,1.8598
1622823414153000,0,40.53416253,1.8598
1622823453001000,1,936.00000000,1.8625
1622823453001000,1,154.39437747,1.8625
1622823478890000,1,162.09340171,1.8598
1622823478905000,1,24.56768688,1.8598
1622823478905000,1,21.68622643,1.8593
1622823535141000,1,50.00000000,1.8590
1622823632996000,1,160.02849556,1.8551
1622823632996000,1,153.28513263,1.8551
1622823704722000,1,15.50000000,1.8573
1622824356102000,1,20.00000000,1.8475
1622824411788000,1,162.45160155,1.8513
1622824411788000,1,151.42306359,1.8513
1622824541193000,1,22.65417000,1.8554
1622824551396000,1,567.66402000,1.8554
1622824557252000,1,583.02002999,1.8554
1622824602546000,0,373.81710000,1.8507
1622824602546000,0,33.39331684,1.8507
1622824917821000,1,407.21041684,1.8455
1622827073135000,0,26.92273833,1.8538
1622827250444000,1,20.52065624,1.8449
1622827295180000,0,200.00000000,1.8526
1622827295180000,0,68.54597713,1.8527
1622827659118000,0,319.95534707,1.8633
1622828430429000,1,163.44418059,1.8685
1622828430451000,1,36.55581941,1.8685
1622828471044000,0,380.18600000,1.8723
1622828471044000,0,371.51857000,1.8723
1622828471044000,0,84.67905715,1.8728
1622828776148000,1,155.90627094,1.8644
1622828776170000,1,44.09372906,1.8644
1622829252099000,0,68.47539016,1.8740
1622829360004000,1,159.22207407,1.8667
1622829985604000,0,51.03293111,1.8663
1622830029177000,0,106.96693758,1.8653
1622831105794000,1,403.09842418,1.8572
1622831489511000,0,164.21895934,1.8675
1622831562315000,1,200.00000000,1.8600
1622831562315000,1,43.47144821,1.8600
1622831569873000,1,111.10631380,1.8600
1622831812791000,1,147.05675471,1.8560
1622831833161000,0,307.73130000,1.8631
1622831833161000,0,3.05123591,1.8631
1622832102459000,1,88.82227985,1.8546
1622832382349000,1,24.88723470,1.8546
1622832383850000,1,164.49324690,1.8546
1622833365531000,0,21.58370430,1.8533
1622833441437000,1,151.62845440,1.8414
1622833441600000,1,154.46642782,1.8404
1622833441600000,1,165.48891925,1.8348
1622833577856000,1,37.48059458,1.8406
1622833578130000,1,162.51940542,1.8406
1622833599238000,0,12.59050494,1.8414
1622833599238000,0,2.21726785,1.8491
1622833731546000,1,22.58370430,1.8359
1622834450633000,1,99.38828115,1.8208
1622834450906000,1,212.71526567,1.8208
1622834927203000,1,379.16129000,1.8208
1622834932384000,0,48.32934250,1.8208
1622835632933000,1,158.33317947,1.8143
1622835632933000,1,151.09078919,1.8135
1622835632933000,1,909.26600000,1.8038
1622835632933000,1,200.00000000,1.8038
1622835632933000,1,205.08237986,1.8032
1622836242314000,1,50.00000000,1.8090
1622836362184000,0,13.77317140,1.8115
1622836602939000,0,383.90702000,1.8116
1622836602939000,0,400.00000000,1.8116
1622836602939000,0,165.63594139,1.8130
1622836602939000,0,159.98652452,1.8139
1622836603265000,1,383.90702000,1.8180
1622836603412000,1,97.51169000,1.8180
1622836604092000,1,330.21519500,1.8180
1622836608611000,1,213.61623000,1.8180
1622836657799000,1,383.90702000,1.8180
1622836658224000,1,159.95050606,1.8180
1622838434292000,0,163.80219985,1.8303
1622838434292000,0,159.51817991,1.8313
1622838540393000,0,936.00000000,1.8350
1622838545238000,1,21.38660822,1.8360
1622838545238000,1,23.14278903,1.8360
1622838553255000,1,1536.89979664,1.8360
1622839548388000,1,113.09657628,1.8205
1622840809547000,0,13.58965361,1.8352
1622841062004000,0,55.05720000,1.8415
1622841062004000,0,73.26494081,1.8417
1622841316369000,0,150.96768837,1.8476
1622841316369000,0,48.64825466,1.8493
1622841598245000,0,88.24037765,1.8514
1622842039258000,1,24.48780488,1.8405
1622845879435000,0,330.27062231,1.8160
1622845883796000,0,163.54998047,1.8160
1622845885308000,0,154.84508849,1.8160
1622845905507000,0,379.97738000,1.8160
1622845905756000,0,3058.00000000,1.8160
1622845909593000,0,3058.00000000,1.8160
1622845929236000,0,3058.00000000,1.8160
1622845948682000,0,941.02246100,1.8160
1622845952285000,0,380.08198000,1.8160
1622845957326000,0,526.48695665,1.8160
1622845961400000,0,486.35107071,1.8160
1622845961985000,0,164.64892226,1.8160
1622845970190000,0,380.11128000,1.8160
1622846013338000,0,380.20364000,1.8261
1622846013338000,0,200.00000000,1.8263
1622846013627000,1,233.97935520,1.8300
1622846014372000,1,318.54997800,1.8300
1622846016317000,1,166.04527845,1.8300
1622846016673000,1,33.95472155,1.8300
1622846016673000,1,314.75385845,1.8300
1622846017303000,1,141.29205465,1.8300
1622846018059000,1,462.70745249,1.8300
1622846033246000,1,113.01579665,1.8206
1622846153290000,1,40.12928996,1.8206
1622846153290000,1,72.88650360,1.8197
1622846471741000,1,89.57810980,1.8252
1622846665577000,1,153.27202596,1.8250
1622846699392000,1,128.32119695,1.8250
1622846703399000,1,3058.00000000,1.8250
1622846744311000,1,3058.00000000,1.8250
1622846935820000,1,3058.00000000,1.8260
1622846981997000,1,3058.00000000,1.8260
1622848205246000,1,20.06310311,1.8100
1622848208570000,1,129.93688951,1.8100
1622848242806000,1,0.00000738,1.8100
1622848248446000,1,44.31893687,1.8060
1622848251315000,1,45.00000000,1.8000
1622848251315000,1,50.00000000,1.8000
1622848258304000,1,22.00000000,1.7900
1622848258629000,1,53.51869158,1.7794
1622849532428000,1,153.15856525,1.7932
1622849595464000,1,57.83535772,1.7922
1622850414909000,1,101.69304526,1.8116
1622852672478000,0,369.98237000,1.8654
1622852676629000,0,313.26982936,1.8654
1622852680927000,0,155.84408572,1.8654
1622852690020000,0,164.01057219,1.8654
1622852690423000,0,370.00418000,1.8654
1622852690809000,0,164.00099087,1.8654
1622852691438000,0,163.94089910,1.8654
1622852691450000,0,163.94089910,1.8654
1622852691701000,0,163.78607841,1.8654
1622852691709000,0,163.78607841,1.8654
1622852691714000,0,163.78607841,1.8654
1622852691731000,0,149.49202415,1.8654
1622852693801000,0,189.38048160,1.8701
1622852702366000,0,48.32934250,1.8729
1622852716947000,1,163.13995492,1.8723
1622852788645000,1,154.19361492,1.8675
1622852795142000,1,160.07090426,1.8623
1622852864553000,0,13.42440449,1.8891
1622853083241000,0,42.62597307,1.8900
1622853083241000,0,153.45397873,1.8901
1622853083241000,0,400.00000000,1.8904
1622853083241000,0,148.00957755,1.8904
1622853083241000,0,32.92332681,1.9000
1622853083241000,0,3058.00000000,1.9000
1622853083241000,0,41.50137979,1.9000
1622853083241000,0,11.16666666,1.9080
1622853083241000,0,26.96110283,1.9145
1622853729885000,1,163.13466694,1.8880
1622853729922000,1,36.86533306,1.8880
1622854418245000,1,150.00000000,1.8850
1622854678999000,1,70.56682933,1.8932
1622854745799000,1,42.62236492,1.8911
1622855404064000,1,164.16967286,1.8791
1622855404114000,1,164.16967286,1.8791
1622855404313000,1,18.67307228,1.8791
1622855417197000,1,13.42440449,1.8766
1622855519395000,1,25.74390841,1.8831
1622855524396000,1,15.54932068,1.8831
1622855735122000,1,368.35350000,1.8860
1622855740419000,1,368.35348887,1.8860
1622855752201000,1,192.99998940,1.8860
1622855772330000,1,368.35350000,1.8860
1622855782893000,1,51.27534273,1.8860
1622855783749000,1,150.67310711,1.8860
1622855790550000,1,518.09287464,1.8860
1622856837685000,1,109.53381720,1.8807
1622858340206000,0,18.85210862,1.9145
1622858341168000,0,13.71245530,1.9158
1622858462098000,0,154.36873291,1.9234
1622858462098000,0,400.00000000,1.9261
1622858462098000,0,1444.47292657,1.9261
1622859488003000,0,13.21052631,1.9380
1622860928750000,0,62.57866713,1.9457
1622862824152000,1,13.58965361,1.9181
1622864781927000,1,10.99000000,1.9018
1622864818479000,0,13.14537204,1.9125
1622865564728000,0,52.27582466,1.9083
1622868256889000,0,1572.62060400,1.9067
1622868321979000,0,935.99998709,1.9065
1622868322153000,0,2122.00001291,1.9065
1622868322255000,0,646.67753463,1.9067
1622868322261000,0,141.91271500,1.9067
1622868327292000,0,26.96516333,1.9067
1622868327292000,0,122.26638467,1.9077
1622868363678000,0,2722.49561084,1.9076
1622868364054000,0,335.50437844,1.9076
1622868364076000,0,0.00001072,1.9076
1622868364076000,0,472.75344577,1.9077
1622868364157000,0,463.24654352,1.9077
1622868387830000,0,26.96516904,1.9077
1622868433281000,0,2455.21905622,1.9456
1622868962048000,0,100.00000000,1.9108
1622870376393000,1,0.51609096,1.9100
1622870376393000,1,50.00000000,1.9100
1622870696649000,1,30.00000000,1.9076
1622870696649000,1,13.21052631,1.9000
1622871276429000,0,287.04623271,1.9136
1622871297028000,0,292.50163829,1.9136
1622871457042000,1,200.00000000,1.8680
1622871457042000,1,89.77393550,1.8679
1622871488362000,1,13.14537204,1.8671
1622874262005000,1,200.00000000,1.8757
1622874262005000,1,368.03750000,1.8757
1622874262005000,1,936.00000000,1.8737
1622874262005000,1,156.73008257,1.8726
1622874262005000,1,3058.00000000,1.8717
1622874262005000,1,158.30922835,1.8716
1622874262005000,1,17.14779000,1.8609
1622874262005000,1,737.57094859,1.8609
1622874843423000,0,318.79758391,1.8789
1622875311059000,0,35.17403000,1.8759
1622875311341000,0,46.13082000,1.8759
1622875341897000,0,13.29509122,1.8766
1622875490920000,0,63.60784198,1.8781
1622875490920000,0,22.15722931,1.8802
1622875490920000,0,46.06873270,1.9163
1622875910738000,0,252.46430143,1.8858
1622876485824000,0,50.00000000,1.8878
1622876564657000,1,16.00000000,1.8729
1622876744431000,0,70.75000000,1.8806
1622876744431000,0,73.18481056,1.8856
1622876798826000,0,2043.04446071,1.8849
1622877471128000,0,200.00000000,1.8910
1622877471128000,0,936.00000000,1.8910
1622877471128000,0,141.80564595,1.8926
1622877471128000,0,1357.63779658,1.8935
1622877800664000,0,34.95377000,1.8866
1622877801146000,0,34.95377000,1.8866
1622877801558000,0,30.09246000,1.8866
1622878449115000,0,236.53304709,1.8982
1622878775918000,1,0.09528000,1.8900
1622878775918000,1,44.13206936,1.8800
1622879052890000,1,110.00000000,1.8982
1622879140025000,1,200.00000000,1.8800
1622879178178000,1,812.85106382,1.8800
1622879178178000,1,200.00000000,1.8800
1622879386357000,1,369.69903000,1.8673
1622879386357000,1,200.00000000,1.8673
1622879386357000,1,936.00000000,1.8673
1622879386357000,1,512.40277275,1.8652
1622879513385000,0,476.77500000,1.8680
1622879513385000,0,504.85906512,1.8680
1622879514291000,0,320.90332757,1.8680
1622879555532000,0,283.88220800,1.8680
1622879555670000,0,0.00000515,1.8680
1622879555670000,0,520.94006729,1.8680
1622879556360000,0,306.03101177,1.8680
1622879595033000,0,263.78563473,1.8680
1622879596546000,0,110.28696466,1.8680
1622879601594000,0,110.28696466,1.8680
1622879606579000,0,110.28696466,1.8680
1622879693935000,1,3058.00000000,1.8639
1622879693935000,1,200.00000000,1.8639
1622879693935000,1,936.00000000,1.8638
1622879693935000,1,160.35538912,1.8638
1622879693935000,1,162.97960429,1.8628
1622879694106000,0,1329.34763533,1.8600
1622879694242000,0,25.88259000,1.8600
1622879694249000,0,2592.83673000,1.8600
1622879694528000,0,317.19546122,1.8600
1622879694630000,0,25.87289000,1.8600
1622879695768000,0,317.73776881,1.8600
1622879696952000,0,134.02628494,1.8600
1622879697924000,0,3058.00000000,1.8600
1622879699508000,0,291.46240321,1.8600
1622879699604000,0,133.68234000,1.8600
1622879699620000,0,318.50770967,1.8600
1622879713130000,0,166.68597311,1.8600
1622879713950000,0,3058.00000000,1.8600
1622879715367000,0,110.71473100,1.8600
1622879716059000,0,663.04297099,1.8600
1622879717906000,0,3058.00000000,1.8600
1622879722653000,0,309.97126881,1.8600
1622879723144000,0,357.15346236,1.8600
1622879724898000,0,954.72463142,1.8600
1622879729988000,0,3058.00000000,1.8600
1622879735208000,0,3058.00000000,1.8600
1622879738296000,0,687.02579031,1.8600
1622879759833000,0,3058.00000000,1.8600
1622879762214000,0,109.56132000,1.8600
1622879767061000,0,503.80618278,1.8600
1622879767296000,0,147.50497311,1.8600
1622879773194000,0,108.31590000,1.8600
1622879778502000,1,166.38610965,1.8600
1622879797206000,0,139.90581000,1.8600
1622879798413000,0,16.12903225,1.8600
1622879815192000,0,195.78735000,1.8600
1622879835061000,0,437.50971000,1.8600
1622879918655000,1,936.00000000,1.8545
1622879918655000,1,154.61933542,1.8545
1622879918655000,1,158.35210739,1.8536
1622879918655000,1,909.26600000,1.8526
1622879918655000,1,372.63655000,1.8526
1622879918655000,1,3058.00000000,1.8523
1622879918655000,1,50.00000000,1.8500
1622879918655000,1,287.46533243,1.8397
1622879918655000,1,200.00000000,1.8397
1622879918655000,1,31041.00000000,1.8397
1622879918655000,1,10.99000000,1.8313
1622879918655000,1,14892.00000000,1.8295
1622879918655000,1,2400.00000000,1.8193
1622879918655000,1,3031.00000000,1.8126
1622879918655000,1,6052.00000000,1.8110
1622879918655000,1,301.94291923,1.8102
1622879918655000,1,11.16666666,1.8000
1622879918655000,1,16.00000000,1.7800
1622879918655000,1,100.00000000,1.7800
1622879918655000,1,2950.00000000,1.7753
1622879918655000,1,3114.00000000,1.7647
1622879918655000,1,123.00000000,1.7400
1622879918655000,1,20.00000000,1.7360
1622879918655000,1,16.47703122,1.7300
1622879918655000,1,220.00000000,1.7300
1622879918655000,1,21.97251103,1.7149
1622879918655000,1,287.82827276,1.7067
1622879918655000,1,11.82352941,1.7000
1622879918655000,1,900.00000000,1.7000
1622879918655000,1,12.00000000,1.7000
1622879918655000,1,11.80000000,1.7000
1622879918655000,1,12.00000000,1.7000
1622879918655000,1,1000.00000000,1.7000
1622879918655000,1,30.00000000,1.7000
1622879918655000,1,500.00000000,1.7000
1622879918655000,1,110.61470588,1.7000
1622879918655000,1,80.16086793,1.6800
1622879918655000,1,24.22767857,1.6800
1622879918655000,1,20.00000000,1.6678
1622879918787000,0,454.63400000,1.6570
1622879918789000,0,4335.03570000,1.6570
1622879918854000,0,38.96657000,1.6570
1622879918864000,0,248.01110470,1.6570
1622879918934000,0,60.35003018,1.6570
1622879919031000,0,186.73136294,1.6570
1622879919071000,0,186.73136294,1.6570
1622879919103000,0,3349.18811527,1.6570
1622879919180000,1,36.61140513,1.8308
1622879919220000,1,30.78098436,1.8308
1622879922824000,1,162.60744532,1.8480
1622879922824000,1,160.17977894,1.8471
1622879927407000,1,158.07550806,1.8473
1622879927407000,1,154.17034151,1.8464
1622879927540000,0,59.51633043,1.8428
1622879927650000,1,201.53109823,1.8428
1622879931327000,0,161.62017909,1.8424
1622879931328000,0,8.61090268,1.8424
1622879931508000,1,147.42516162,1.8455
1622879931629000,0,226.20564838,1.8421
1622879944398000,1,11.82352941,1.8442
1622879975896000,1,165.98644297,1.8433
1622879980070000,1,153.51775114,1.8427
1622880047827000,1,153.84594324,1.8428
1622880047973000,0,2013.18454741,1.8428
1622880047987000,0,454.63400000,1.8428
1622880048244000,0,436.33549563,1.8428
1622880071993000,0,454.63400000,1.8476
1622880103393000,0,454.63400000,1.8465
1622880121711000,1,909.26600000,1.8429
1622880121814000,0,454.63400000,1.8429
1622880314620000,1,166.68597311,1.8377
1622880320949000,1,742.58002689,1.8378
1622880325646000,1,200.00000000,1.8378
1622880331469000,1,200.00000000,1.8378
1622880331469000,1,909.26600000,1.8378
1622880331469000,1,375.62522000,1.8378
1622880841799000,0,735.24752979,1.8450
1622881051795000,0,73.43325000,1.8450
1622881084008000,0,910.73862000,1.8450
1622881100193000,0,123.16469801,1.8450
1622881251359000,0,0.00001735,1.8450
1622881251359000,0,13.55011815,1.8493
1622881363235000,0,274.50621000,1.8512
1622881379649000,0,395.51051447,1.8537
1622881506120000,0,899.00000000,1.8582
1622881506120000,0,64.95508000,1.8582
1622881506608000,0,110.86558600,1.8582
1622881737333000,0,69.10299000,1.8601
1622882274267000,0,606.50865000,1.8571
1622882279557000,0,294.42105000,1.8571
1622882532902000,1,77.39495933,1.8597
1622883058918000,0,210.33738000,1.8593
1622883064806000,0,50.61672000,1.8593
1622883347639000,1,200.00000000,1.8521
1622883535156000,0,12.15315237,1.8537
1622883668787000,0,161.72541000,1.8555
1622884115609000,0,151.88327459,1.8547
1622884115609000,0,164.53303051,1.8556
1622884115775000,1,1028.27990490,1.8580
1622884120784000,0,13.44816000,1.8569
1622884240149000,0,230.52249000,1.8553
1622884245427000,0,73.86489000,1.8553
1622884284249000,1,11.26453612,1.8483
1622884587061000,0,152.92563999,1.8494
1622884587202000,0,514.69920039,1.8494
1622884587783000,0,361.96795176,1.8494
1622885067223000,1,376.02624000,1.8359
1622885072673000,1,13.55013550,1.8350
1622885078257000,1,82.70646000,1.8359
1622885093637000,1,500.00000000,1.8350
1622885199024000,1,375.72539000,1.8373
1622886010285000,1,200.00000000,1.8300
1622886010285000,1,500.00000000,1.8300
1622886010285000,1,35.24752979,1.8250
1622886087532000,1,500.00000000,1.8250
1622886090465000,0,96.43835616,1.8250
1622886091979000,0,25.20547945,1.8250
1622886093058000,0,66.85004767,1.8250
1622886094630000,0,54.79572155,1.8250
1622886252595000,1,500.00000000,1.8200
1622886252906000,0,54.94505495,1.8196
1622886253836000,0,54.95834158,1.8196
1622886290305000,0,55.16419623,1.8128
1622886294029000,0,55.09156218,1.8152
1622886294822000,0,55.09156218,1.8152
1622886305620000,0,110.92653000,1.8186
1622886412031000,0,152.64619864,1.8061
1622886412074000,0,14.53291034,1.8061
1622886412074000,0,138.11328830,1.8070
1622886412382000,0,2955.99998637,1.8061
1622886422778000,1,132.72611000,1.8061
1622886427960000,1,158.85053515,1.8044
1622886456713000,1,25.00000000,1.8022
1622886461454000,1,382.79867000,1.8034
1622886638048000,1,50.00000000,1.8000
1622886660566000,1,167.58565444,1.8000
1622886660568000,1,32.41434556,1.8000
1622886660607000,1,167.58565444,1.8000
1622886667379000,1,167.61549561,1.8000
1622886667488000,1,32.38450439,1.8000
1622886667488000,1,135.21804146,1.8000
1622886667504000,1,167.60254585,1.8000
1622886667538000,1,29.59375825,1.8000
1622886704091000,0,47.59878147,1.7852
1622886704903000,0,16.79956993,1.7852
1622886705566000,0,58.79849476,1.7852
1622886707249000,1,162.78623931,1.7728
1622886707249000,1,130.62193069,1.7728
1622886718046000,1,100.47417975,1.7595
1622886718307000,1,99.52582025,1.7595
1622886759858000,1,164.44159385,1.7657
1622886759858000,1,161.84696072,1.7657
1622886763114000,0,170.08805641,1.7657
1622886763252000,0,170.08558232,1.7657
1622886763588000,0,170.12418740,1.7657
1622886763611000,0,104.87481260,1.7657
1622886781068000,0,104.43662006,1.7705
1622886789998000,0,169.38697836,1.7703
1622886790100000,0,169.38697836,1.7703
1622886790246000,0,169.39694597,1.7703
1622886790461000,0,169.40723887,1.7703
1622886790489000,0,169.40723887,1.7703
1622886790498000,0,169.40723887,1.7703
1622886790552000,0,169.40723887,1.7703
1622886790588000,0,169.40723887,1.7703
1622886790693000,0,169.40723887,1.7703
1622886790986000,0,169.44053396,1.7704
1622886791229000,0,444.33279000,1.7703
1622886897408000,0,153.59243153,1.7600
1622887066775000,0,163.37601709,1.7756
1622887066775000,0,166.42431087,1.7757
1622887097226000,0,36.92104268,1.7720
1622887204712000,1,168.71269096,1.7695
1622887205424000,1,47.97563908,1.7695
1622887241424000,0,168.39606456,1.7804
1622887284041000,0,153.42094157,1.7721
1622887460091000,1,144.06858009,1.7637
1622887540537000,1,200.00000000,1.7524
1622887540537000,1,393.93481000,1.7524
1622887540537000,1,11.46285714,1.7500
1622887540537000,1,25.00000000,1.7500
1622887540537000,1,50.00000000,1.7500
1622887540678000,0,737.88664035,1.7500
1622887540694000,0,393.79773000,1.7500
1622887541326000,0,239.40430130,1.7500
1622887565391000,0,168.62017001,1.7618
1622887566017000,0,31.37982999,1.7618
1622887583057000,0,160.06506870,1.7634
1622887583057000,0,155.13452427,1.7634
1622887618174000,0,50.00000000,1.7639
1622887619427000,0,104.23496995,1.7639
1622887619427000,0,145.14405005,1.7641
1622887649797000,0,36.14022664,1.7666
1622887871410000,0,262.88856000,1.7710
1622888342804000,0,140.82465701,1.7880
1622888446064000,0,19.99999999,1.7880
1622888446083000,0,0.00000001,1.7880
1622888501688000,0,110.94497101,1.7878
1622888655774000,0,117.47725657,1.7795
1622888664980000,0,100.00000000,1.7767
1622888684950000,1,200.00000000,1.7700
1622888690875000,1,200.00000000,1.7735
1622888690875000,1,389.25902000,1.7735
1622888690875000,1,165.99772607,1.7731
1622888690875000,1,158.23504930,1.7722
1622888690875000,1,909.26600000,1.7700
1622888690875000,1,2091.88421007,1.7563
1622888906889000,1,68.47539016,1.7691
1622889271305000,0,28.50000000,1.7655
1622889486767000,0,160.45962014,1.7692
1622889486767000,0,161.07902888,1.7700
1622890708199000,0,147.86599099,1.7725
1622890790011000,0,115.91609636,1.7727
1622890939125000,0,141.08390364,1.7727
1622890946621000,1,50.12120338,1.7698
1622891284547000,0,161.00000000,1.7707
1622891808430000,0,100.00000000,1.7535
1622891980357000,0,160.57547647,1.7561
1622891980357000,0,50.75483976,1.7562
1622891980914000,0,50.75483976,1.7562
1622892190423000,0,117.27144000,1.7510
1622892195157000,0,45.11707596,1.7510
1622893269259000,0,90.86289817,1.7574
1622893419017000,0,39.08916000,1.7486
1622893555726000,0,50.89844331,1.7484
1622893584826000,0,153.62126012,1.7441
1622893584826000,0,13.28273686,1.7449
1622893587386000,0,14.32730440,1.7449
1622893691762000,1,143.93481056,1.7362
1622893932184000,0,153.01737000,1.7474
1622893932220000,0,307.03348124,1.7474
1622894401002000,1,17.59527257,1.7476
1622894401747000,1,49.99999999,1.7470
1622894401836000,1,0.00000001,1.7470
1622894499756000,0,40.08209165,1.7429
1622894521078000,1,228.93301853,1.7376
1622894667212000,1,169.13769102,1.7308
1622894667215000,1,30.86230898,1.7308
1622894667215000,1,16.00000000,1.7307
1622894821275000,0,83.90949618,1.7402
1622894838798000,1,167.67567135,1.7272
1622894859039000,1,167.72261256,1.7309
1622894859059000,1,32.27738744,1.7309
1622895385712000,1,147.86599099,1.7601
1622895809948000,1,160.82452060,1.7556
1622896033522000,0,35.99272626,1.7611
1622896063494000,0,55.93367541,1.7598
1622896124327000,0,41.70254920,1.7590
1622896202277000,1,60.00000000,1.7610
1622896435879000,0,22.71895648,1.7571
1622896945729000,0,56.35129641,1.7710
1622898044423000,1,168.63447457,1.7532
1622898044423000,1,31.36552543,1.7532
1622899740211000,0,56.56496726,1.7644
1622900107287000,0,14.16755568,1.7604
1622901563666000,1,169.10452737,1.7382
1622901563674000,1,169.10452737,1.7382
1622901563706000,1,169.09960922,1.7382
1622901606661000,1,122.15048315,1.7307
1622901606946000,1,39.35899364,1.7307
1622901819054000,1,157.27319737,1.7304
1622901819054000,1,160.67293100,1.7295
1622901819054000,1,200.00000000,1.7242
1622901819054000,1,400.38703000,1.7242
1622901819054000,1,590.82903000,1.7060
1622901819054000,1,1126.28125416,1.7056
1622902142896000,0,50.00000000,1.7308
1622903613728000,1,170.09510101,1.7312
1622905257929000,0,41.22099989,1.7164
1622905258881000,0,4.58011110,1.7164
1622905831037000,0,30.00000000,1.7204
1622907463912000,0,37.13917832,1.7467
1622908018349000,0,28.41800850,1.7551
1622908501823000,0,281.90884015,1.7692
1622909753001000,1,117.81000000,1.7551
1622909758197000,1,263.19744000,1.7551
1622909780000000,1,141.81948000,1.7551
1622909785406000,1,117.81000000,1.7551
1622909791351000,1,22.72149000,1.7551
1622909816392000,1,116.47746000,1.7551
1622909823141000,1,157.89545326,1.7551
1622909825645000,1,128.51945931,1.7551
1622909832551000,1,385.17648653,1.7551
1622909832975000,0,200.00000000,1.7551
1622910035465000,0,50.00000000,1.7581
1622911794179000,1,454.63400000,1.7500
1622911799379000,1,20.12914093,1.7500
1622911800199000,1,270.89073000,1.7500
1622911804577000,1,295.36898621,1.7500
1622914289562000,0,24.80166008,1.7469
1622915845150000,0,28.77618102,1.7341
1622916706515000,1,572.40507180,1.7454
1622916706515000,1,468.61778534,1.7454
1622917179009000,1,142.02683764,1.7513
1622918103242000,0,192.17442696,1.7694
1622919239942000,1,134.25274725,1.7612
1622923473226000,1,168.86162597,1.7332
1622923488075000,1,165.03385694,1.7349
1622923693841000,1,573.61103774,1.7418
1622923856685000,1,168.53120029,1.7499
1622923995406000,1,1620.40032000,1.7510
1622923995657000,0,166.49525589,1.7510
1622924677353000,1,159.16082458,1.7454
1622925304098000,1,168.05305344,1.7528
1622925335658000,1,393.90559000,1.7525
1622925339439000,1,570.35325698,1.7525
1622925422549000,1,166.69814424,1.7548
1622925427468000,1,393.80896000,1.7530
1622926103621000,1,82.72871446,1.7337
1622926390056000,1,166.85130524,1.7475
1622926410283000,1,161.38292004,1.7502
1622926416396000,1,158.42815882,1.7512
1622926621251000,0,909.26600000,1.7514
1622926621251000,0,25.74714911,1.7514
1622927616051000,1,100.00000000,1.7200
1622927848520000,1,50.00000000,1.7117
1622927982212000,0,43.23086450,1.7116
1622927984518000,1,20.00000000,1.7040
1622928136596000,1,909.26600000,1.7047
1622928136596000,1,25.74714911,1.7036
1622928136860000,1,50.00000000,1.7036
1622928275733000,0,36.98029479,1.7005
1622928277586000,0,12.32676493,1.7005
1622928280275000,1,100.00000000,1.7001
1622928280275000,1,11.82352941,1.7000
1622928280275000,1,3047.80882353,1.7000
1622928280275000,1,100.00000000,1.7000
1622928280275000,1,15.00000000,1.7000
1622928280275000,1,45.68870005,1.7000
1622928280275000,1,1977.90959511,1.7000
1622928280695000,1,171.09247597,1.7000
1622928280700000,1,171.09247597,1.7000
1622928280751000,1,171.09247597,1.7000
1622928280787000,1,171.09017981,1.7000
1622928280888000,1,171.09017981,1.7000
1622928281084000,1,145.26028923,1.7000
1622928304830000,1,918.70173989,1.7000
1622928567943000,1,200.00000000,1.6900
1622928694948000,1,165.86315786,1.6852
1622928694948000,1,123.91077764,1.6851
1622928840568000,1,171.09361863,1.6800
1622928840585000,1,78.90638137,1.6800
1622928850144000,1,11.72914283,1.6670
1622928850171000,1,39.74210568,1.6670
1622928874804000,1,155.31252407,1.6729
1622928874804000,1,167.31365950,1.6723
1622928874804000,1,200.00000000,1.6670
1622928874804000,1,598.18434181,1.6670
1622928874804000,1,190.82629198,1.6670
1622928874805000,0,139.79045174,1.6670
1622928965144000,1,171.37794849,1.6717
1622928965185000,1,27.37216589,1.6717
1622929121782000,1,165.20764901,1.6791
1622929212992000,1,25.00000000,1.6798
1622929225836000,0,157.27719706,1.6798
1622929225854000,0,164.26303940,1.6798
1622929227217000,0,2550.75777000,1.6798
1622929233853000,0,1000.03140530,1.6798
1622929292062000,1,155.69750206,1.6826
1622929295456000,1,163.42300500,1.6818
1622929295535000,0,162.42680115,1.6818
1622929325598000,1,172.03100665,1.6763
1622929325829000,1,27.96899335,1.6763
1622929327683000,1,171.84378390,1.6753
1622929510017000,0,40.08423672,1.6713
1622929567363000,1,22.49137624,1.6661
1622929608617000,1,24.99999999,1.6658
1622929799918000,1,413.11963000,1.6710
1622929799918000,1,1405.40697000,1.6710
1622929803292000,1,598.22917105,1.6710
1622929803292000,1,169.18659211,1.6710
1622929807637000,1,413.25812000,1.6705
1622929815255000,1,167.67803322,1.6702
1622929822220000,1,172.09227132,1.6688
1622929822512000,1,172.13561525,1.6688
1622929849010000,1,156.66656052,1.6696
1622929941985000,1,160.84796133,1.6707
1622929942234000,0,171.11247092,1.6707
1622929990269000,1,164.20223915,1.6665
1622929991421000,1,0.00000001,1.6658
1622930148885000,1,1497.18014904,1.6689
1622930148885000,1,170.50564500,1.6689
1622930149019000,0,598.73276107,1.6689
1622930153866000,1,157.90774789,1.6690
1622930552366000,1,119.04087688,1.6752
1622930552509000,1,172.04648802,1.6752
1622930552513000,1,172.04648802,1.6752
1622930610014000,1,596.28431020,1.6763
1622930610014000,1,158.86994092,1.6763
1622931247487000,0,1659.53543776,1.6788
1622931716072000,0,687.09487330,1.6961
1622931853754000,0,888.00000000,1.6972
1622931853754000,0,1337.00000000,1.6972
1622932256897000,1,126.38135466,1.6921
1622932336268000,1,163.23094050,1.6935
1622932349403000,1,107.57479664,1.6922
1622932551366000,0,168.50847288,1.6966
1622934600489000,0,40.78898514,1.7119
1622935618962000,1,33.60437810,1.7022
1622935769825000,0,117.49500646,1.7048
1622935920928000,1,127.45309889,1.6994
