timestamp ms,type,amount,price
1622765477168000,1,12.42574257,2.0200
1622765477168000,1,25.83126550,2.0150
1622765477168000,1,10.10000000,2.0113
1622765477168000,1,50.00000000,2.0012
1622765477168000,1,200.00000000,2.0000
1622765477168000,1,12.55000000,2.0000
1622765477168000,1,316.68000000,2.0000
1622765477168000,1,12.67676767,1.9800
1622765477168000,1,70.08140769,1.9777
1622765477168000,1,915.00000000,1.9642
1622765477168000,1,3093.00000000,1.9642
1622765477395000,1,64.43595864,1.9642
1622765479643000,1,114.75331031,1.9642
1622765706473000,1,89.14720812,1.9700
1622765741117000,1,49.18574713,1.9728
1622766724433000,1,200.00000000,1.9640
1622766724433000,1,452.36531382,1.9640
1622766724433000,1,12.80612244,1.9600
1622766724433000,1,915.00000000,1.9555
1622766724433000,1,3093.00000000,1.9555
1622766724433000,1,145.25452717,1.9555
1622766724433000,1,159.36006837,1.9545
1622766957244000,1,329.63359805,1.9618
1622766967743000,1,66.42019481,1.9619
1622767358021000,1,15.65835907,1.9622
1622767617745000,0,22.93320830,1.9549
1622767692152000,0,35.93878184,1.9610
1622767692152000,0,250.25531028,1.9989
1622767692152000,0,200.00000000,1.9989
1622767692152000,0,915.00000000,1.9989
1622767692152000,0,2592.86620352,1.9989
1622769094283000,1,29.26645477,1.9500
1622769128920000,1,27.75445022,1.9500
1622769332532000,1,24.85952946,1.9500
1622769336739000,1,23.70518837,1.9500
1622769382269000,1,200.00000000,1.9500
1622769385453000,0,51.28178830,1.9500
1622769385588000,1,15.00000000,1.9500
1622769385588000,1,700.00000000,1.9500
1622769385588000,1,50.00000000,1.9500
1622769385641000,0,200.00000000,1.9500
1622769386050000,1,10.30000000,1.9436
1622769386050000,1,12.93814432,1.9400
1622769386050000,1,10.33000000,1.9379
1622769386050000,1,166.43185568,1.9200
1622769386107000,1,94.83336730,1.9200
1622769386107000,1,0.00000098,1.9200
1622769386107000,1,53.51869158,1.9200
1622769386107000,1,1.64794014,1.9200
1622769387039000,1,117.00970010,1.9200
1622769387089000,1,419.85286041,1.9200
1622769395329000,0,17.03420000,1.9236
1622769403964000,1,961.48949935,1.9200
1622769490349000,1,35.08886406,1.9100
1622769490394000,1,35.08886406,1.9100
1622769490413000,1,29.82227188,1.9100
1622769490462000,1,200.00000000,1.9089
1622769490462000,1,1150.00471465,1.9089
1622769490462000,1,13.21052631,1.9000
1622769490462000,1,11.00000000,1.9000
1622769490462000,1,75.78475904,1.9000
1622769491189000,1,50.63018333,1.9000
1622769491235000,1,112.82530622,1.9000
1622769491281000,1,100.00000000,1.9000
1622769491317000,1,27.36087499,1.9000
1622769907685000,1,81.03148437,1.9000
1622770018025000,1,28.76068000,1.9000
1622770576947000,1,200.00000000,1.9201
1622770580685000,1,348.85188054,1.9201
1622771480685000,1,200.00000000,1.9100
1622771497964000,1,200.00000000,1.9100
1622771881793000,1,52.53658434,1.9100
1622772382643000,0,90.25662298,1.9345
1622772462738000,1,42.42424242,1.9100
1622772480294000,1,45.56436018,1.9100
1622772636785000,1,253.18645820,1.9100
1622772636785000,1,60.00000000,1.9100
1622772636785000,1,1861.91828538,1.9000
1622772637216000,1,764.73322261,1.9000
1622772637216000,1,14.40000000,1.9000
1622772637216000,1,718.42105263,1.9000
1622772637216000,1,424.36401014,1.9000
1622772637310000,1,58.04125301,1.9000
1622772637310000,1,32.21536997,1.9000
1622772829521000,1,79.04562922,1.9000
1622772829521000,1,35.48238299,1.9000
1622772829521000,1,500.00000000,1.9000
1622772832477000,0,19.47368421,1.9000
1622772833149000,0,44.73684211,1.9000
1622772836142000,0,51.57894737,1.9000
1622772871429000,1,150.49315109,1.8804
1622772871463000,0,39.28617769,1.8802
1622773316821000,0,13.00832134,1.9192
1622776776298000,1,11.46784607,1.9144
1622776791572000,0,112.00178758,1.9300
1622777558750000,0,13.21052631,1.9380
1622777558750000,0,44.73684211,1.9458
1622777558750000,0,33.64677833,1.9527
1622777558750000,0,13.07291666,1.9584
1622777558750000,0,51.57894737,1.9590
1622777558750000,0,12.93814432,1.9788
1622777558750000,0,400.00000000,1.9949
1622777558750000,0,261.26522297,1.9949
1622777558750000,0,15.58321421,1.9949
1622777952744000,0,30.84648150,1.9932
1622778027305000,0,30.85964172,1.9923
1622778631607000,0,10.30000000,1.9946
1622779373597000,1,12.93814432,1.9400
1622779373597000,1,15.00000000,1.9380
1622780176245000,0,50.50733354,1.9752
1622781214567000,0,21.27655494,1.9763
1622781430063000,1,106.85242518,1.9380
1622781556084000,0,28.92013606,1.9785
1622781804025000,1,135.98596000,1.9200
1622781947564000,0,23.56067849,1.9767
1622782552288000,0,200.00000000,1.9694
1622782552288000,0,694.73379549,1.9704
1622783226595000,1,13.07291666,1.9200
1622783264357000,1,97.69771704,1.9000
1622783292117000,0,16.13820220,1.9583
1622783482524000,1,39.31898656,1.9000
1622783485821000,0,50.52604986,1.9000
1622783485899000,0,54.73655402,1.9000
1622783487479000,1,13.21052631,1.9000
1622783487479000,1,239.12631578,1.9000
1622784113581000,1,199.99999469,1.8800
1622784116969000,1,1032.69900000,1.8800
1622784118481000,1,249.70000000,1.8800
1622784298157000,1,200.00000000,1.8800
1622784302152000,1,138.00000000,1.8800
1622784515894000,1,114.97847362,1.8800
1622785231824000,1,100.00000000,1.8800
1622785231824000,1,200.00000000,1.8800
1622785231824000,1,579.60100000,1.8800
1622785231824000,1,15.13279549,1.8800
1622785427608000,1,100.00000000,1.8800
1622785452786000,1,64.97890664,1.8800
1622785452786000,1,50.00000000,1.8800
1622785452786000,1,51.49189189,1.8500
1622785452786000,1,15.00000000,1.8400
1622785452786000,1,200.00000000,1.8300
1622785452786000,1,3093.00000000,1.8300
1622785452786000,1,70.00000000,1.8300
1622785452786000,1,349.52920147,1.8286
1622785452871000,1,117.79468827,1.8286
1622785657771000,0,51.39750715,1.9359
1622785713691000,0,64.70287361,1.9354
1622786085623000,1,200.00000000,1.8500
1622786085623000,1,266.73592788,1.8500
1622786086101000,1,57.70190995,1.8500
1622786086101000,1,209.03401793,1.8394
1622786464829000,1,985.31404364,1.8447
1622786548547000,1,200.00000000,1.8504
1622786548547000,1,233.19648688,1.8504
1622786549040000,1,145.80428055,1.8519
1622786549040000,1,141.66132900,1.8510
1622786963835000,0,31.47659005,1.8853
1622786963835000,0,200.00000000,1.9170
1622786963835000,0,273.00266361,1.9170
1622786963835000,0,720.92001367,1.9171
1622787429927000,1,100.00000000,1.8753
1622787429927000,1,200.00000000,1.8583
1622787429927000,1,280.01222021,1.8583
1622787429927000,1,86.26964425,1.8561
1622787526166000,1,200.00000000,1.8768
1622787526166000,1,248.30393357,1.8768
1622787526569000,1,248.30393357,1.8768
1622788100782000,0,108.73203357,1.8921
1622788567353000,1,20.82382845,1.8423
1622788646428000,0,364.97500000,1.8554
1622788649841000,0,3093.00000000,1.8554
1622788653155000,0,41.50137979,1.8554
1622788654432000,0,45.81321145,1.8554
1622788684102000,0,3093.00000000,1.8554
1622788975251000,1,200.00000000,1.8396
1622788975251000,1,3093.00000000,1.8396
1622788975251000,1,915.00000000,1.8396
1622788975251000,1,150.03334091,1.8395
1622788975251000,1,157.14919430,1.8386
1622788975251000,1,50.00000000,1.8377
1622788975385000,1,20.52065624,1.8100
1622788982292000,1,1161.88291581,1.8377
1622789215197000,1,200.00000000,1.8283
1622789215197000,1,379.30383000,1.8283
1622789215197000,1,175.12821368,1.8281
1622789215197000,1,164.80539017,1.8276
1622789215197000,1,60.64194868,1.8275
1622789240207000,1,200.00000000,1.8272
1622789240207000,1,93.30534185,1.8272
1622789271648000,1,36.20998302,1.8235
1622789300474000,1,106.34323806,1.8204
1622789354973000,1,108.73203357,1.8125
1622789760841000,1,101.14988101,1.8208
1622790043659000,1,50.00000000,1.8240
1622790043704000,1,14.45841286,1.8232
1622790089727000,0,13.71245530,1.8209
1622790644313000,0,81.26017812,1.8268
1622790644313000,0,18.12810303,1.8271
1622791019605000,1,100.00000000,1.8131
1622791019605000,1,35.41751000,1.8000
1622791019605000,1,11.16666666,1.8000
1622791019605000,1,244.00000000,1.8000
1622791019605000,1,11.10000000,1.8000
1622791019605000,1,12.00000000,1.8000
1622791019605000,1,294.77356980,1.8000
1622791122778000,1,705.22643020,1.8000
1622791122778000,1,670.11666666,1.8000
1622791122778000,1,60.00000000,1.8000
1622791122778000,1,45.40555555,1.8000
1622791122778000,1,42.62597307,1.8000
1622791122778000,1,15.00000000,1.8000
1622791122778000,1,155.68343566,1.7874
1622791122778000,1,200.00000000,1.7800
1622791122778000,1,2105.18603915,1.7800
1622791128390000,0,55.16028762,1.8010
1622791133445000,0,36.09206252,1.8010
1622791136446000,0,40.53416253,1.8010
1622791185287000,1,64.70287361,1.7880
1622791229451000,0,222.47799526,1.7900
1622791435361000,0,27.73617222,1.8000
1622791572850000,1,161.17090858,1.7954
1622791572850000,1,165.41818671,1.7945
1622791572850000,1,162.24811949,1.7802
1622791572850000,1,200.00000000,1.7801
1622791572850000,1,3997.13490000,1.7801
1622791572850000,1,478.66269994,1.7801
1622791588799000,1,30.84246000,1.7899
1622791629593000,1,161.15609331,1.7909
1622791629593000,1,151.83776412,1.7900
1622791809237000,0,11.05583333,1.8000
1622791827859000,0,50.00000000,1.8000
1622791831391000,0,11.20799445,1.8000
1622791845104000,1,100.00000000,1.8040
1622791970563000,1,50.00000000,1.8050
1622792080334000,1,49.99999999,1.8100
1622792194810000,1,50.00000000,1.8150
1622792222836000,0,269.17093000,1.8210
1622792222836000,0,400.00000000,1.8212
1622792222836000,0,35.08797873,1.8212
1622792222836000,0,156.74401946,1.8225
1622792222836000,0,1015.21456096,1.8443
1622792237596000,1,21.19313915,1.8147
1622792247921000,0,54.73200344,1.8227
1622792441893000,0,142.09019914,1.8273
1622793169514000,1,50.00000000,1.8350
1622793178108000,1,49.99999999,1.8300
1622793178181000,1,0.00000001,1.8300
1622793378015000,0,159.54987898,1.8291
1622793384362000,0,162.88557880,1.8291
1622793389462000,0,150.18120966,1.8286
1622793439208000,0,152.42618111,1.8270
1622793447383000,0,152.36157803,1.8293
1622793583866000,1,110.74931928,1.8253
1622793658342000,1,200.00000000,1.8253
1622793661838000,1,3093.00000000,1.8253
1622793689265000,1,812.84355105,1.8253
1622793824137000,1,0.00000001,1.8100
1622793824137000,1,110.83180404,1.8004
1622793859278000,1,153.32714605,1.8077
1622793859278000,1,200.00000000,1.8073
1622793859278000,1,164.77443460,1.8073
1622793859278000,1,812.90661787,1.8013
1622793909611000,1,142.09019914,1.8137
1622794015634000,0,100.00000000,1.8252
1622794213172000,0,52.96051608,1.8385
1622794307775000,1,12.96051608,1.8229
1622794315158000,0,12.85540122,1.8373
1622795445654000,0,84.94499234,1.8424
1622795445654000,0,136.54284899,1.8429
1622795445654000,0,36.09206252,1.8443
1622795445654000,0,277.72322997,1.8552
1622795534909000,0,17.87482976,1.8456
1622795609810000,1,30.81433132,1.8456
1622795816777000,1,15.00000000,1.8456
1622795897537000,1,31.69058609,1.8456
1622797782805000,0,26.88805659,1.8503
1622797923898000,1,10.99000000,1.8216
1622798400538000,0,13.72389714,1.8280
1622798695711000,0,32.68340612,1.8399
1622798695711000,0,236.54855925,1.8549
1622798767263000,1,55.31853882,1.8277
1622799854587000,0,13.59276437,1.8348
1622800758551000,1,342.00000000,1.8234
1622801765563000,0,45.98239146,1.8554
1622801919230000,0,131.71099792,1.8554
1622801978809000,1,131.71099792,1.8444
1622802212900000,0,200.00000000,1.8554
1622802289160000,0,430.23664410,1.8554
1622802609351000,0,13.45563664,1.8554
1622804014212000,1,75.61434619,1.8226
1622804201500000,0,10.95823780,1.8290
1622804201500000,0,4.08075168,1.8554
1622804384580000,1,15.00000000,1.8400
1622804384580000,1,15.00000000,1.8300
1622804466657000,1,15.00000000,1.8400
1622804466657000,1,15.00000000,1.8300
1622806463829000,1,52.85540122,1.8000
1622806502512000,1,13.72389714,1.8000
1622806562568000,1,44.48721397,1.8000
1622806562568000,1,5.51278603,1.7949
1622806574300000,1,200.00000000,1.7951
1622806574300000,1,169.33920269,1.7951
1622807634679000,1,200.00000000,1.7966
1622807641413000,0,36.18045699,1.7965
1622808276546000,1,16.00000000,1.7800
1622808276546000,1,65.73446327,1.7700
1622808277054000,1,15.50000000,1.7600
1622808277054000,1,14.23470838,1.7530
1622808505560000,1,20.00000000,1.7501
1622808505560000,1,20.00000000,1.7500
1622808505856000,0,148.17402946,1.7500
1622808506300000,0,33.08519438,1.7500
1622808509863000,0,12.57142857,1.7500
1622808510434000,0,38.85714286,1.7500
1622808525836000,0,165.72230857,1.7500
1622808727530000,0,157.57708666,1.7492
1622809229839000,0,25.00000000,1.7672
1622810072982000,0,157.90552784,1.7660
1622810081480000,0,202.95878000,1.7660
1622810081509000,0,564.35877208,1.7660
1622810135712000,0,33.08519438,1.7953
1622810456589000,0,38.85714286,1.8075
1622810657490000,1,767.31755209,1.7911
1622810873109000,0,69.81072555,1.8160
1622811578226000,0,70.81743000,1.8350
1622811578226000,0,12.57142857,1.8389
1622811578226000,0,24.96869099,1.8398
1622811842100000,1,15.04229894,1.8171
1622814261882000,0,50.00000000,1.8394
1622814261882000,0,11.21176600,1.8398
1622814349310000,0,351.66138477,1.8500
1622814368971000,0,8.33861523,1.8500
1622814389769000,0,3093.00000000,1.8554
1622814676274000,0,25.00000000,1.8553
1622814676274000,0,1.88536995,1.8554
1622814897044000,0,75.58658251,1.8553
1622815150741000,0,10.72612419,1.8553
1622815463203000,1,200.00000000,1.8300
1622815468567000,1,200.00000000,1.8300
1622815473006000,1,200.00000000,1.8300
1622815477661000,1,86.31270670,1.8300
1622815512667000,1,50.00000000,1.8300
1622815833444000,1,25.78949201,1.8300
1622815834075000,1,43.01267668,1.8300
1622816081595000,1,50.00000000,1.8326
1622816169004000,1,200.00000000,1.8300
1622816193921000,1,1413.98237526,1.8300
1622816675262000,1,134.25274725,1.8200
1622816763542000,0,400.00000000,1.8083
1622816763542000,0,379.81539000,1.8083
1622817696130000,1,200.00000000,1.8152
1622817696130000,1,1271.44759102,1.8152
1622817696130000,1,3080.75014736,1.8105
1622817696682000,1,915.00000000,1.8152
1622817696682000,1,12.24985264,1.8105
1622817696682000,1,153.69621913,1.8105
1622817696682000,1,156.43990560,1.8096
1622817701193000,1,159.34869376,1.8099
1622817701742000,1,915.00000000,1.8099
1622817701742000,1,3093.00000000,1.8099
1622817720262000,1,3093.00000000,1.8117
1622817720262000,1,915.00000000,1.8117
1622817720262000,1,155.98115080,1.8117
1622817723620000,1,915.00000000,1.8094
1622817723620000,1,162.00033486,1.8093
1622817724139000,1,3093.00000000,1.8094
1622817724139000,1,149.20929552,1.8094
1622818119838000,0,35.13988000,1.8200
1622818844796000,0,30.00000000,1.8258
1622819129652000,0,292.83800000,1.8435
1622819188507000,0,179.94137000,1.8457
1622819188507000,0,400.00000000,1.8459
1622819188507000,0,154.76378164,1.8459
1622819188507000,0,161.67956688,1.8469
1622819215047000,0,915.00000000,1.8481
1622819215047000,0,154.89341606,1.8481
1622819215047000,0,93.38800293,1.8490
1622819367065000,1,200.00000000,1.8435
1622819367065000,1,70.40488526,1.8435
1622819683028000,1,152.67976900,1.8435
1622819699231000,1,132.82348761,1.8435
1622820743149000,0,538.54048611,1.8522
1622821162062000,0,225.41400000,1.8532
1622821170814000,0,182.99989207,1.8532
1622821383006000,1,97.30210329,1.8479
1622821426456000,1,47.51880556,1.8480
1622821590873000,1,13.59276437,1.8492
1622822233820000,1,200.00000000,1.8526
1622822233820000,1,208.41389207,1.8526
1622822507284000,0,200.00000000,1.8551
1622822507284000,0,68.85039404,1.8551
1622823041979000,0,320.23729165,1.8554
1622823043967000,0,160.05537991,1.8554
1622823049390000,0,371.83368000,1.8554
1622823049777000,0,158.83160723,1.8554
1622823058740000,0,211.51423009,1.8554
1622823059230000,0,158.83159860,1.8554
1622823064690000,0,148.06106092,1.8554
1622823065087000,0,371.85572000,1.8554
1622823070343000,0,1222.62525000,1.8554
1622823073460000,0,371.86373000,1.8554
1622823075404000,0,2662.24959000,1.8554
1622823083593000,0,106.28483959,1.8554
1622823088135000,0,193.00000000,1.8554
1622823089213000,0,3058.00000000,1.8554
1622823091008000,0,2012.19381000,1.8554
1622823092880000,0,255.42798114,1.8554
1622823093576000,0,3058.00000000,1.8554
1622823094348000,0,651.00000000,1.8554
1622823098299000,0,370.46465233,1.8554
1622823265072000,1,22.56408000,1.8597
1622823271220000,1,134.59898313,1.8597
1622823283342000,1,22.57893000,1.8598
1622823291053000,1,137.33110994,1.8598
1622823414153000,0,40.53416253,1.8598
1622823453001000,1,936.00000000,1.8625
1622823453001000,1,154.39437747,1.8625
1622823478890000,1,162.09340171,1.8598
1622823478905000,1,24.56768688,1.8598
1622823478905000,1,21.68622643,1.8593
1622823535141000,1,50.00000000,1.8590
1622823632996000,1,160.02849556,1.8551
1622823632996000,1,153.28513263,1.8551
1622823704722000,1,15.50000000,1.8573
1622824356102000,1,20.00000000,1.8475
1622824411788000,1,162.45160155,1.8513
1622824411788000,1,151.42306359,1.8513
1622824541193000,1,22.65417000,1.8554
1622824551396000,1,567.66402000,1.8554
1622824557252000,1,583.02002999,1.8554
1622824602546000,0,373.81710000,1.8507
1622824602546000,0,33.39331684,1.8507
1622824917821000,1,407.21041684,1.8455
1622827073135000,0,26.92273833,1.8538
1622827250444000,1,20.52065624,1.8449
1622827295180000,0,200.00000000,1.8526
1622827295180000,0,68.54597713,1.8527
1622827659118000,0,319.95534707,1.8633
1622828430429000,1,163.44418059,1.8685
1622828430451000,1,36.55581941,1.8685
1622828471044000,0,380.18600000,1.8723
1622828471044000,0,371.51857000,1.8723
1622828471044000,0,84.67905715,1.8728
1622828776148000,1,155.90627094,1.8644
1622828776170000,1,44.09372906,1.8644
1622829252099000,0,68.47539016,1.8740
1622829360004000,1,159.22207407,1.8667
1622829985604000,0,51.03293111,1.8663
1622830029177000,0,106.96693758,1.8653
1622831105794000,1,403.09842418,1.8572
1622831489511000,0,164.21895934,1.8675
1622831562315000,1,200.00000000,1.8600
1622831562315000,1,43.47144821,1.8600
1622831569873000,1,111.10631380,1.8600
1622831812791000,1,147.05675471,1.8560
1622831833161000,0,307.73130000,1.8631
1622831833161000,0,3.05123591,1.8631
1622832102459000,1,88.82227985,1.8546
1622832382349000,1,24.88723470,1.8546
1622832383850000,1,164.49324690,1.8546
1622833365531000,0,21.58370430,1.8533
1622833441437000,1,151.62845440,1.8414
1622833441600000,1,154.46642782,1.8404
1622833441600000,1,165.48891925,1.8348
1622833577856000,1,37.48059458,1.8406
1622833578130000,1,162.51940542,1.8406
1622833599238000,0,12.59050494,1.8414
1622833599238000,0,2.21726785,1.8491
1622833731546000,1,22.58370430,1.8359
1622834450633000,1,99.38828115,1.8208
1622834450906000,1,212.71526567,1.8208
1622834927203000,1,379.16129000,1.8208
1622834932384000,0,48.32934250,1.8208
1622835632933000,1,158.33317947,1.8143
1622835632933000,1,151.09078919,1.8135
1622835632933000,1,909.26600000,1.8038
1622835632933000,1,200.00000000,1.8038
1622835632933000,1,205.08237986,1.8032
1622836242314000,1,50.00000000,1.8090
1622836362184000,0,13.77317140,1.8115
1622836602939000,0,383.90702000,1.8116
1622836602939000,0,400.00000000,1.8116
1622836602939000,0,165.63594139,1.8130
1622836602939000,0,159.98652452,1.8139
1622836603265000,1,383.90702000,1.8180
1622836603412000,1,97.51169000,1.8180
1622836604092000,1,330.21519500,1.8180
1622836608611000,1,213.61623000,1.8180
1622836657799000,1,383.90702000,1.8180
1622836658224000,1,159.95050606,1.8180
1622838434292000,0,163.80219985,1.8303
1622838434292000,0,159.51817991,1.8313
1622838540393000,0,936.00000000,1.8350
1622838545238000,1,21.38660822,1.8360
1622838545238000,1,23.14278903,1.8360
1622838553255000,1,1536.89979664,1.8360
1622839548388000,1,113.09657628,1.8205
1622840809547000,0,13.58965361,1.8352
1622841062004000,0,55.05720000,1.8415
1622841062004000,0,73.26494081,1.8417
1622841316369000,0,150.96768837,1.8476
1622841316369000,0,48.64825466,1.8493
1622841598245000,0,88.24037765,1.8514
1622842039258000,1,24.48780488,1.8405
1622845879435000,0,330.27062231,1.8160
1622845883796000,0,163.54998047,1.8160
1622845885308000,0,154.84508849,1.8160
1622845905507000,0,379.97738000,1.8160
1622845905756000,0,3058.00000000,1.8160
1622845909593000,0,3058.00000000,1.8160
1622845929236000,0,3058.00000000,1.8160
1622845948682000,0,941.02246100,1.8160
1622845952285000,0,380.08198000,1.8160
1622845957326000,0,526.48695665,1.8160
1622845961400000,0,486.35107071,1.8160
1622845961985000,0,164.64892226,1.8160
1622845970190000,0,380.11128000,1.8160
1622846013338000,0,380.20364000,1.8261
1622846013338000,0,200.00000000,1.8263
1622846013627000,1,233.97935520,1.8300
1622846014372000,1,318.54997800,1.8300
1622846016317000,1,166.04527845,1.8300
1622846016673000,1,33.95472155,1.8300
1622846016673000,1,314.75385845,1.8300
1622846017303000,1,141.29205465,1.8300
1622846018059000,1,462.70745249,1.8300
1622846033246000,1,113.01579665,1.8206
1622846153290000,1,40.12928996,1.8206
1622846153290000,1,72.88650360,1.8197
1622846471741000,1,89.57810980,1.8252
1622846665577000,1,153.27202596,1.8250
1622846699392000,1,128.32119695,1.8250
1622846703399000,1,3058.00000000,1.8250
1622846744311000,1,3058.00000000,1.8250
1622846935820000,1,3058.00000000,1.8260
1622846981997000,1,3058.00000000,1.8260
1622848205246000,1,20.06310311,1.8100
1622848208570000,1,129.93688951,1.8100
1622848242806000,1,0.00000738,1.8100
1622848248446000,1,44.31893687,1.8060
1622848251315000,1,45.00000000,1.8000
1622848251315000,1,50.00000000,1.8000
1622848258304000,1,22.00000000,1.7900
1622848258629000,1,53.51869158,1.7794
1622849532428000,1,153.15856525,1.7932
1622849595464000,1,57.83535772,1.7922
