timestamp ms,type,amount,price
1625703980546000,1,29.03199000,1.4100
1625704006581000,1,15.96801000,1.4100
1625704146008000,1,83.20422000,1.4000
1625704146349000,1,36.79578000,1.4000
1625704146349000,1,14.35714285,1.4000
1625704146349000,1,31.63323419,1.3866
1625704147003000,1,168.36676581,1.3866
1625704147003000,1,186.25827922,1.3866
1625704147003000,1,192.78588310,1.3859
1625704147003000,1,200.00000000,1.3823
1625704147003000,1,909.26600000,1.3810
1625704147003000,1,723.89868650,1.3784
1625704147003000,1,876.00000000,1.3784
1625704147003000,1,246.97064775,1.3784
1625704205546000,1,102.93707950,1.3837
1625704205810000,1,97.06292050,1.3837
1625704205928000,1,21.47857352,1.3837
1625704218442000,0,20.32933524,1.3879
1625704219857000,1,167.03234139,1.3805
1625704221022000,0,20.32933524,1.3879
1625704228830000,0,20.32933524,1.3869
1625704410177000,1,214.93808515,1.3698
1625704495727000,1,190.00593734,1.3776
1625704495727000,1,24.24160709,1.3769
1625704499719000,1,145.11153247,1.3781
1625704572381000,0,14.52041275,1.3768
1625704779092000,1,282.94032943,1.3711
1625704811161000,1,72.97317229,1.3725
1625705241841000,0,72.06831858,1.3842
1625708502500000,0,70.03897469,1.3888
1625708870442000,1,196.74759956,1.3803
1625708990208000,1,70.03897469,1.3777
1625713523670000,0,100.00000000,1.3843
1625713872304000,1,59.99999999,1.3624
1625713872305000,1,0.00000001,1.3624
1625713879878000,1,103.00597321,1.3575
1625716663614000,0,42.30065899,1.3794
1625719472148000,1,112.66530171,1.3700
1625719472400000,0,120.56399951,1.3700
1625719472800000,0,68.22753000,1.3700
1625719563313000,1,85.00000000,1.3700
1625719563313000,1,36.34555000,1.3700
1625720098665000,0,58.38739000,1.3649
1625721956092000,0,48.01177265,1.3674
1625721956092000,0,24.95864587,1.3674
1625722291881000,0,30.75834000,1.3635
1625722351853000,1,14.88888888,1.3500
1625722537913000,0,2844.00000000,1.3577
1625722537918000,1,400.00000000,1.3578
1625722844801000,1,23.91254599,1.3578
1625723974366000,0,27.02889000,1.3629
1625724037238000,1,2844.00000000,1.3578
1625725229050000,0,14.88888888,1.3694
1625725719227000,1,1250.00000000,1.3578
1625725894737000,1,500.27515097,1.3578
1625725914228000,1,199.88974096,1.3500
1625726100287000,1,116.11840000,1.3600
1625726141251000,1,21.04041000,1.3600
1625726172527000,1,28.16653000,1.3600
1625726229963000,1,156.46512500,1.3600
1625726350058000,1,155.90602206,1.3600
1625726469918000,1,155.55678677,1.3600
1625726590055000,1,155.47939706,1.3600
1625726710130000,1,155.47939706,1.3600
1625726830397000,1,130.53385295,1.3600
1625726950376000,1,155.85353677,1.3600
1625727070594000,1,155.46682353,1.3600
1625727190463000,1,155.81371324,1.3600
1625727310667000,1,155.46488971,1.3600
1625727538236000,1,23.68475774,1.3600
1625727898230000,0,1162.92487235,1.3706
1625729539199000,1,137.12106000,1.3600
1625729608078000,1,1141.84929811,1.3600
1625729944802000,1,300.11025904,1.3500
1625729944802000,1,100.00000000,1.3500
1625729944802000,1,120.00000000,1.3500
1625730098534000,1,49.00000000,1.3420
1625730494514000,1,200.00000000,1.3220
1625730494514000,1,800.00000000,1.3220
1625731009805000,1,200.00000000,1.3220
1625731009805000,1,15.99973188,1.3220
1625731010296000,1,634.00026812,1.3220
1625731027486000,1,606.99998471,1.3080
1625731029444000,1,1100.00000763,1.3120
1625731037454000,1,17.77298000,1.3120
1625731478216000,0,25.00000000,1.3372
1625731480726000,0,14.96388029,1.3372
1625731483057000,0,23.18242324,1.3372
1625731705936000,0,2844.00000000,1.3342
1625731705936000,0,200.00000000,1.3342
1625731705936000,0,664.42191971,1.3348
1625732465463000,0,75.01525900,1.3264
1625732519357000,0,200.00000000,1.3258
1625732519357000,0,1309.56348003,1.3258
1625732560363000,0,1130.47564830,1.3254
1625733166285000,0,150.80819042,1.3196
1625733784460000,1,146.22713414,1.3120
1625733784785000,0,67.35914000,1.3097
1625733811769000,0,112.01115000,1.3128
1625734357087000,0,643.86973909,1.3128
1625734418500000,1,57.43597862,1.3120
1625734551326000,1,41.80182625,1.3120
1625734551980000,0,57.20919000,1.3120
1625734846070000,0,76.21951220,1.3120
1625734847833000,0,2844.00000000,1.3120
1625734847849000,0,76.21951220,1.3120
1625734848638000,0,76.21951220,1.3120
1625734877705000,0,161.19953000,1.3120
1625734879886000,0,2844.00000000,1.3120
1625734906236000,0,178.00000000,1.3120
1625735011673000,0,23.86432926,1.3120
1625735058756000,0,403.27396979,1.3120
1625735089185000,0,546.56248700,1.3120
1625735092290000,0,2844.00000000,1.3120
1625735113899000,0,2844.00000000,1.3120
1625735117800000,0,161.11899600,1.3120
1625735521903000,1,67.25342000,1.3100
1625735521903000,1,59.11518000,1.3100
1625735521903000,1,46.84849000,1.3100
1625735521903000,1,31.33061993,1.3100
1625736253069000,0,101.92243192,1.3119
1625736306944000,0,37.00795804,1.3118
1625737181183000,0,79.65249000,1.3120
1625737245063000,0,30.29559000,1.3120
1625737561726000,1,9.81385007,1.3100
1625737561726000,1,57.26919993,1.3080
1625737824474000,0,27.33699000,1.3120
1625738584967000,0,21.24582000,1.3120
1625738714136000,0,687.06700099,1.3119
1625738836226000,0,40.64851000,1.3120
1625739260893000,0,32.35889000,1.3119
1625739343150000,0,25.07277000,1.3120
1625740601994000,0,20.43822000,1.3120
1625741031478000,0,21.56159000,1.3120
1625741295434000,0,24.90008000,1.3120
1625742075846000,0,29.59369000,1.3120
1625742224709000,1,200.00000000,1.3100
1625742224709000,1,690.00000000,1.3100
1625742258273000,1,843.00001529,1.3080
1625742260496000,0,15.54293000,1.3080
1625742372337000,1,24.06906118,1.3060
1625742372337000,1,97.00000000,1.3050
1625742372337000,1,100.00000000,1.3020
1625742372337000,1,200.00000000,1.3000
1625742372337000,1,15.46153846,1.3000
1625742372337000,1,120.00000000,1.3000
1625742372337000,1,150.00000000,1.3000
1625742372337000,1,76.21951220,1.3000
1625742377960000,0,21.53846154,1.3000
1625742396216000,1,200.00000000,1.2967
1625742396216000,1,732.39475387,1.2967
1625742403612000,1,67.60524613,1.2967
1625742403612000,1,200.00000000,1.2960
1625742403612000,1,50.00000000,1.2950
1625742403612000,1,200.00000000,1.2919
1625742403612000,1,172.39475387,1.2919
1625742691732000,0,22.52643000,1.3018
1625742981879000,0,48.00000000,1.3032
1625743045115000,0,72.38685000,1.3032
1625743049702000,0,100.00000000,1.3032
1625743072057000,0,43.79986000,1.3032
1625743343041000,1,43.75659000,1.3000
1625743343041000,1,43.75596000,1.3000
1625743343041000,1,67.65109000,1.3000
1625743343041000,1,37.28957528,1.2950
1625743343041000,1,199.60724561,1.2943
1625743343041000,1,196.43918677,1.2937
1625743343041000,1,200.00000000,1.2908
1625743343041000,1,211.50035234,1.2908
1625744564135000,0,391.93393467,1.3120
1625744571616000,1,175.81079786,1.3115
1625744650838000,1,209.83478729,1.3116
1625744824274000,1,206.42755202,1.3084
1625744848979000,0,23.20369000,1.3080
1625744888536000,1,197.12075924,1.3062
1625744900533000,0,204.97993463,1.3060
1625744900544000,0,199.15090499,1.3060
1625744904361000,1,21.56349826,1.3055
1625744904552000,1,210.63765933,1.3055
1625745013415000,0,210.72125238,1.3060
1625745013529000,0,210.70153534,1.3060
1625745013791000,0,543.15208000,1.3060
1625745014232000,0,392.62300181,1.3060
1625745018706000,0,210.67530820,1.3060
1625745019903000,0,189.32469180,1.3060
1625745019903000,0,13.12921820,1.3060
1625745093210000,0,431.78849555,1.3060
1625745567198000,0,210.67321457,1.3120
1625745567284000,0,210.60868258,1.3120
1625745568569000,0,595.85543682,1.3120
1625745684929000,1,66.11189686,1.3077
1625745685207000,1,133.88810314,1.3077
1625745711351000,1,35.23716036,1.3040
1625745780474000,0,20.25239000,1.3055
1625746088822000,1,23.86432926,1.3005
1625746175592000,1,26.13567074,1.3005
1625746408004000,0,47.00000000,1.3001
1625748072488000,0,16.00000000,1.3106
1625748422866000,0,204.78406005,1.3043
1625748629461000,0,23.09198590,1.3086
1625748718678000,0,15.50000000,1.3062
1625748742383000,0,33.99225221,1.3062
1625748776084000,0,67.00000000,1.3052
1625748916334000,1,204.78406005,1.2991
1625750250622000,1,100.00000000,1.3000
1625750941645000,1,258.92851816,1.3008
1625751394148000,1,116.69421851,1.2900
1625751394323000,1,212.10911223,1.2900
1625751398601000,1,212.19756013,1.2900
1625751451850000,1,96.08762038,1.2900
1625751533119000,1,62.91148875,1.2900
1625751533119000,1,31.11319574,1.2900
1625752094132000,1,120.17077793,1.2850
1625752898117000,0,40.47948000,1.2925
1625753374677000,0,200.00000000,1.3018
1625753880149000,0,50.00000000,1.3018
1625755333932000,0,78.58580000,1.3054
1625755363366000,0,33.29666000,1.3053
1625756356565000,0,26.48913000,1.3053
1625757763659000,0,114.42162718,1.3120
1625758117823000,0,0.00001856,1.3120
1625759563588000,0,221.17198149,1.3238
1625759567504000,0,100.63399205,1.3238
1625763667481000,0,21.61634000,1.3238
1625763677472000,0,2.45272118,1.3238
1625763677472000,0,230.43004750,1.3324
1625767340353000,0,21.53846154,1.3378
1625767340353000,0,5.94855628,1.3450
1625768646352000,1,23.95466341,1.3298
1625768882927000,1,578.99998496,1.3290
1625768892244000,1,199.99996991,1.3290
1625768892547000,1,559.58986580,1.3290
1625768892547000,1,194.41011916,1.3290
1625768963197000,1,123.00000000,1.3290
1625769092044000,0,29.49119562,1.3300
1625770849748000,0,100.03430624,1.3362
1625771959194000,1,207.27663825,1.3025
1625771959194000,1,200.00000000,1.3025
1625771959194000,1,201.23034538,1.3024
1625771959194000,1,287.90312049,1.2903
1625772677442000,0,2869.00000000,1.3266
1625772677442000,0,394.05100000,1.3266
1625772677442000,0,870.00000000,1.3272
1625772677442000,0,209.55369385,1.3370
1625772677442000,0,13192.97011912,1.3370
1625774421035000,1,120.00000000,1.3136
1625776357126000,0,15.00000000,1.3316
1625782581935000,1,200.00000000,1.3000
1625782581935000,1,384.00000000,1.3000
1625782581935000,1,50.00000000,1.2850
1625782581935000,1,208.95513931,1.2800
1625782581935000,1,197.82463504,1.2800
1625782581935000,1,50.00000000,1.2800
1625782581935000,1,870.00000000,1.2750
1625782581935000,1,50.00000000,1.2750
1625782581935000,1,15524.79503862,1.2744
1625783366762000,1,58.88907000,1.2717
1625784481584000,0,203.60003323,1.2928
1625784481584000,0,2869.00000000,1.2928
1625784732975000,0,22.43193069,1.2928
1625787141448000,0,26.48457000,1.2928
1625787216308000,1,51.47075000,1.2900
1625787808478000,0,35.88581811,1.2931
1625787878761000,0,102.14837275,1.2931
1625787917483000,0,214.56289880,1.2931
1625787917950000,0,214.59485145,1.2931
1625787918190000,0,214.60565743,1.2931
1625788179758000,0,174.97518349,1.2931
1625788257442000,0,83.74529000,1.2931
1625788269252000,0,160.57350531,1.2931
1625788287328000,0,44.05197000,1.2931
1625788313709000,0,21.07441000,1.2931
1625788771934000,0,214.74502435,1.2931
1625788771941000,0,45.45682620,1.2931
1625788771942000,0,214.74502435,1.2931
1625788771944000,0,214.74502435,1.2931
1625788772019000,0,214.74502435,1.2931
1625788772093000,0,214.72519310,1.2931
1625788772971000,0,214.72312002,1.2931
1625788773684000,0,214.76328143,1.2931
1625788773693000,0,214.76328143,1.2931
1625788775038000,0,48.19996581,1.2931
1625788775300000,0,107.95341832,1.2931
1625788775300000,0,303.51941140,1.2931
1625788775935000,0,411.47282972,1.2931
1625788776748000,0,107.95341832,1.2931
1625788781091000,0,208.90389421,1.2931
1625788781091000,0,207.60809123,1.2931
