timestamp ms,type,amount,price
1628640802529000,0,257.88553916,1.5080
1628640825284000,0,13.86206896,1.5080
1628640825575000,0,20.68965517,1.5156
1628640825595000,0,20.68965517,1.5149
1628640825860000,0,16.87806665,1.5149
1628640825883000,0,16.87806665,1.5149
1628640847733000,1,75.13544364,1.5018
1628640986775000,0,200.00000000,1.5108
1628640986775000,0,58.69735803,1.5109
1628640999846000,0,258.08540988,1.5131
1628640999858000,0,133.11049012,1.5131
1628640999858000,0,124.97491976,1.5134
1628640999859000,0,75.02508024,1.5134
1628645109938000,1,150.73498548,1.5180
1628647275332000,0,16.87806665,1.5185
1628647275332000,0,213.60647771,1.5226
1628652714543000,1,204.55092722,1.5211
1628654490986000,1,82.57552888,1.5256
1628654958740000,1,25.00000000,1.5296
1628655246108000,0,50.00000000,1.5328
1628655261310000,1,50.50000000,1.5314
1628655287258000,0,82.87333997,1.5349
1628655288448000,0,253.90616948,1.5349
1628655288998000,0,253.79076181,1.5349
1628655289189000,0,87.66043740,1.5349
1628658949402000,1,909.26600000,1.5368
1628658949402000,1,243.33806130,1.5368
1628658949402000,1,235.82892206,1.5368
1628658949402000,1,579.00000000,1.5368
1628658949402000,1,61.35998784,1.5325
1628660053660000,1,13.86206896,1.5410
1628660240285000,1,78.89174128,1.5437
1628661458192000,1,13.67712145,1.5453
1628662101682000,0,34.45734838,1.5500
1628662101682000,0,728.69464285,1.5500
1628662101682000,0,1314.88660813,1.5500
1628662101682000,0,14.54410831,1.5557
1628662101682000,0,137.18400000,1.5575
1628662101682000,0,909.26600000,1.5575
1628662101682000,0,246.56260998,1.5575
1628662101682000,0,246.85208347,1.5575
1628662101682000,0,579.00000000,1.5590
1628662101682000,0,458.59850460,1.5598
1628662101682000,0,142.43192202,1.5600
1628663890632000,1,579.00000000,1.5527
1628663890632000,1,67.41402115,1.5516
1628664613775000,0,50.00000000,1.5493
1628664624160000,0,253.19711083,1.5500
1628664624927000,0,246.80288917,1.5500
1628665496652000,0,13.40000000,1.5600
1628665980892000,0,60.47929978,1.5654
1628665980892000,0,25.00000000,1.5674
1628665980892000,0,200.00000000,1.5682
1628665980892000,0,239.11553230,1.5682
1628665980892000,0,111.68330995,1.5682
1628666369100000,1,86.05916332,1.5688
1628666506131000,0,13.40000000,1.5725
1628666506131000,0,237.68021659,1.5750
1628666506132000,0,251.08021659,1.5750
1628666506134000,0,61.23956682,1.5750
1628666506134000,0,20.83128096,1.5756
1628666511585000,0,128.71384516,1.5800
1628666511675000,0,250.25912868,1.5800
1628666513441000,0,249.98659319,1.5800
1628666517279000,0,39.36964809,1.5800
1628666521865000,0,31.67078488,1.5800
1628667853151000,0,111.40383590,1.5756
1628667927662000,1,20.87518223,1.5723
1628667987813000,0,171.73940000,1.5700
1628667988117000,0,73.89315157,1.5700
1628667988147000,0,171.73940000,1.5700
1628667988544000,0,111.15520000,1.5700
1628667990404000,0,67.82066946,1.5700
1628667991810000,0,50.83051969,1.5700
1628668000849000,0,1999.00000000,1.5700
1628668006041000,0,1999.00000000,1.5700
1628668007169000,0,124.44221084,1.5700
1628668012473000,0,25.18891689,1.5700
1628668014560000,0,184.31530000,1.5700
1628668016146000,0,0.00004932,1.5700
1628668870363000,1,230.48454436,1.5648
1628669050250000,1,200.00000000,1.5650
1628669277248000,1,110.00000000,1.5595
1628669557466000,1,40.00000000,1.5600
1628669880622000,1,644.97941459,1.5526
1628670825859000,0,12.83721020,1.5502
1628671285034000,1,469.29564220,1.5495
1628671285519000,1,100.00000000,1.5479
1628671824125000,0,32.55187633,1.5565
1628674350463000,0,25.49069591,1.5470
1628674353721000,0,25.48419981,1.5470
1628674354438000,0,25.48419981,1.5470
1628674355088000,0,25.48419981,1.5470
1628674355657000,0,25.48419981,1.5470
1628674356253000,0,25.47770702,1.5470
1628674356817000,0,1999.00000000,1.5470
1628674356871000,0,25.47770702,1.5470
1628674357474000,0,23.16849398,1.5470
1628674800946000,0,640.93296455,1.5565
1628676090878000,0,81.20263019,1.5543
1628677459741000,1,111.05134297,1.5582
1628677460267000,1,88.94865702,1.5582
1628679012134000,0,121.41302802,1.5617
1628679281374000,0,15.87619746,1.5669
1628679539655000,1,200.00000000,1.5599
1628679839451000,1,641.21622315,1.5639
1628683590017000,0,163.78178034,1.5379
1628683590200000,1,45.03173673,1.5319
1628685600922000,1,200.00000000,1.5591
1628686489694000,0,42.41949625,1.5721
1628686532526000,1,79.66909357,1.5750
1628686752079000,1,909.26600000,1.5738
1628686752079000,1,200.00000000,1.5738
1628686752079000,1,244.13059975,1.5738
1628686752079000,1,580.89072623,1.5714
1628686893001000,1,289.67788397,1.5735
1628687054375000,0,235.37491405,1.5850
1628687074711000,0,247.57990613,1.5850
1628687074806000,0,247.41901633,1.5850
1628687074812000,0,247.41901633,1.5850
1628687090100000,0,22.20714716,1.5850
1628687090100000,0,19.00000000,1.5874
1628687221544000,1,200.00000000,1.5794
1628690013066000,1,200.00000000,1.5722
1628690097633000,1,29.00000000,1.5720
1628690122771000,1,16.06355489,1.5745
1628691065948000,0,314.87418978,1.5844
1628692899957000,0,13.40000000,1.5900
1628693056341000,0,50.00000000,1.5936
1628694320079000,0,49.79933638,1.5822
1628695284254000,0,25.06265665,1.5856
1628695284860000,0,25.06265665,1.5856
1628695285663000,0,25.06265665,1.5856
1628695286267000,0,25.06265665,1.5856
1628695286884000,0,25.06265665,1.5856
1628695287472000,0,25.05637686,1.5856
1628695288074000,0,25.05637686,1.5856
1628695288658000,0,25.05637686,1.5856
1628695289263000,0,25.05637686,1.5856
1628695290113000,0,12.27316630,1.5856
1628695293272000,0,25.05010021,1.5862
1628695295477000,0,25.04382671,1.5862
1628695296069000,0,25.04382671,1.5862
1628695296654000,0,25.04382671,1.5862
1628695297244000,0,25.03755634,1.5862
1628695297869000,0,25.03755634,1.5862
1628695298457000,0,25.03755634,1.5862
1628695299037000,0,25.03755634,1.5862
1628695299648000,0,25.03755634,1.5862
1628695300296000,0,16.10212307,1.5862
1628695486146000,1,246.35749555,1.5801
1628695486146000,1,253.64250445,1.5801
1628695566867000,0,25.02502504,1.5884
1628695567487000,0,25.02502504,1.5884
1628695568084000,0,25.02502504,1.5884
1628695568652000,0,25.02502504,1.5884
1628695569276000,0,25.02502504,1.5884
1628695815524000,0,25.02502504,1.5880
1628695816667000,0,25.02502504,1.5880
1628695817303000,0,25.02502504,1.5880
1628695818085000,0,25.02502504,1.5880
1628695823079000,0,25.02502504,1.5880
1628695832866000,0,25.02502504,1.5879
1628695833556000,0,25.02502504,1.5879
1628695834273000,0,25.02502504,1.5879
1628695834879000,0,25.02502504,1.5879
1628695836874000,0,25.02502504,1.5879
1628695837510000,0,25.02502504,1.5879
1628695839786000,1,238.54333070,1.5812
1628696672873000,0,25.01250626,1.5862
1628696673540000,0,25.01250626,1.5862
1628696674095000,0,25.01250626,1.5862
1628696676483000,0,25.00625157,1.5862
1628696677278000,0,25.00625157,1.5862
1628696678069000,0,25.00625157,1.5862
1628696678657000,0,25.00625157,1.5862
1628698168439000,1,459.13344000,1.5590
1628698168439000,1,290.86656000,1.5590
1628698902804000,0,248.52596400,1.5737
1628699564194000,1,750.00000000,1.5662
1628700169330000,0,456.21848000,1.5743
1628700169330000,0,200.00000000,1.5744
1628700169330000,0,239.37174513,1.5747
1628700169330000,0,243.50450853,1.5747
1628700169330000,0,129.40702006,1.5758
1628702176058000,1,111.40383590,1.5707
1628702985806000,1,136.64001232,1.5660
1628704429913000,0,13.00000000,1.5767
1628704429913000,0,186.28500000,1.5778
1628704817027000,0,454.63400000,1.5941
1628704817065000,0,20.87518223,1.5941
1628704817065000,0,100.00000000,1.5959
1628704817065000,0,20.60289213,1.5970
1628704923083000,0,446.93552000,1.6000
1628704939160000,1,909.26600000,1.5971
1628704939160000,1,200.00000000,1.5971
1628704939160000,1,225.78761278,1.5970
1628704939160000,1,447.79188000,1.5970
1628704939160000,1,241.81587843,1.5968
1628704939472000,0,24.72187887,1.5960
1628704940061000,0,24.72187887,1.5960
1628704940666000,0,24.71576867,1.5960
1628704941262000,0,24.71576867,1.5960
1628704942000000,0,24.71576867,1.5960
1628704942678000,0,24.71576867,1.5960
1628704943281000,0,24.71576867,1.5960
1628704943838000,0,24.71576867,1.5960
1628704944655000,0,24.70966149,1.5960
1628704945249000,0,24.70966149,1.5960
1628704946010000,0,24.70966149,1.5960
1628704956611000,0,454.63400000,1.5960
1628704956704000,0,247.62487114,1.5960
1628704956706000,0,56.63432476,1.5960
1628705143655000,0,103.06445100,1.6000
1628705476671000,0,0.00002900,1.6000
1628705476671000,0,200.00000000,1.6014
1628705638326000,1,21.94272695,1.5979
1628705996828000,0,245.02855053,1.6100
1628705996994000,0,102.76331823,1.6100
1628705997899000,0,454.63400000,1.6100
1628706001123000,0,372.47824638,1.6100
1628706001312000,0,229.85875605,1.6100
1628706001810000,0,795.78853199,1.6100
1628706168003000,1,17.08970507,1.6088
1628706256987000,1,21.04987566,1.6108
1628706561855000,0,15.70239000,1.6149
1628706591233000,0,15.73149000,1.6149
1628706646527000,0,99.49331908,1.6149
1628706646527000,0,337.51829781,1.6149
1628708092630000,0,177.17230141,1.6131
1628708092630000,0,70.86892461,1.6131
1628708092630000,0,60.43776719,1.6131
1628708427643000,1,20.67987083,1.6089
1628708463489000,1,446.55275000,1.6023
1628708893471000,1,200.00000000,1.6007
1628709694580000,0,124.26298200,1.5929
1628711016117000,1,94.37376454,1.6087
1628711198914000,1,200.00000000,1.6131
1628711807044000,0,29.92804283,1.6149
1628712196445000,0,100.00000000,1.6149
1628712196445000,0,0.00000001,1.6149
1628712343297000,0,18.16567390,1.6217
1628714310316000,1,445.34269000,1.6064
1628714310316000,1,162.85172368,1.6058
1628714310316000,1,78.87258731,1.6058
1628715249645000,1,123.36162881,1.5952
1628715249648000,1,14.61920843,1.5952
1628715249648000,1,232.55702909,1.5952
1628715278125000,1,351.41306204,1.5919
1628715278125000,1,140.67519768,1.5919
1628715520814000,0,200.00000000,1.5919
1628715597644000,1,248.13557367,1.5919
1628715597669000,1,181.86442633,1.5919
1628716307053000,1,200.00000000,1.5606
1628716634218000,1,310.00000000,1.5521
1628717682958000,1,453.07886000,1.5795
1628717682958000,1,369.71948840,1.5795
1628717847062000,1,71.00000000,1.5786
1628720537213000,1,251.28726417,1.5500
1628720537287000,1,248.71273583,1.5500
1628720755597000,1,150.00000000,1.5500
1628720795869000,0,92.90322581,1.5495
1628723967189000,0,115.16699401,1.5549
1628724557382000,0,133.41198470,1.5533
1628725186208000,0,301.73999128,1.5602
1628725189928000,0,384.43557272,1.5598
1628725193261000,0,168.82557240,1.5593
1628725193286000,0,54.26486360,1.5593
1628725193286000,0,64.93975429,1.5593
1628725193286000,0,64.94309594,1.5594
1628726172467000,0,108.54299043,1.5701
1628726176562000,0,139.75000000,1.5697
1628727155593000,0,92.90322580,1.5892
1628730767267000,0,0.00000001,1.5892
1628731676476000,0,117.17399468,1.6083
1628731676656000,0,15.46324448,1.6083
1628733087404000,1,214.63232283,1.5993
1628733092899000,1,34.48493375,1.5994
1628736528790000,1,221.41025936,1.5986
1628736528790000,1,200.00000000,1.5985
1628736540253000,1,251.82128172,1.5973
1628739570224000,1,49.00000000,1.6109
1628742486080000,0,29.43465303,1.5802
1628742486080000,0,73.56496233,1.5802
1628742486080000,0,143.93185463,1.5802
1628742486081000,0,47.42383163,1.5802
1628742486081000,0,199.50763836,1.5802
1628742486083000,0,0.49236164,1.5802
1628742486083000,0,246.43910835,1.5839
1628742486086000,0,246.93146999,1.5839
1628742486136000,0,83.62942166,1.5839
1628742486136000,0,163.29642696,1.5908
1628742486170000,0,29.38391737,1.5908
1628742486178000,1,190.99546293,1.6131
1628742486179000,1,73.45979343,1.6131
1628742486209000,1,2219.25107627,1.6131
1628743433423000,0,29.40556404,1.5871
1628743433423000,0,76.47525331,1.5871
1628744238297000,1,80.92079235,1.5687
1628744238318000,1,119.07920765,1.5687
1628744275838000,1,200.00000000,1.5618
1628744275838000,1,47.44776578,1.5618
1628744275844000,1,247.44776578,1.5618
1628744275844000,1,247.44776578,1.5618
1628744275845000,1,96.98727379,1.5618
1628744275845000,1,150.46049199,1.5569
1628744275846000,1,247.44776578,1.5569
1628744275847000,1,247.44776578,1.5569
1628744275851000,1,247.44776578,1.5569
1628744291307000,1,244.41306426,1.5601
1628745728245000,0,24.51768901,1.5290
1628745728245000,0,61.29422252,1.5290
1628745728245000,0,159.36497855,1.5290
1628745749619000,0,86.98723315,1.5284
1628745947571000,1,256.20011661,1.5000
1628745947583000,1,256.19773290,1.5000
1628745947599000,1,164.05216789,1.5000
1628745947866000,1,256.19773290,1.5000
1628745947869000,1,256.19773290,1.5000
1628745947872000,1,256.19773290,1.5000
1628745947872000,1,256.19773290,1.5000
1628745948242000,1,125.64137958,1.5000
1628745949192000,1,41.36416491,1.5000
1628745989325000,1,131.75350651,1.5000
1628745989325000,1,13.40000000,1.5000
1628745989325000,1,13.40000000,1.5000
1628746201126000,0,42.91018028,1.5066
1628746201126000,0,17.16162539,1.5066
1628746201126000,0,196.46084450,1.5066
1628746201154000,0,203.53915550,1.5066
1628746201154000,0,17.16496745,1.5066
1628746201154000,0,35.82852722,1.5066
1628746625652000,1,115.86721495,1.4850
1628746715355000,0,96.24645605,1.4993
1628746715355000,0,36.97942469,1.4993
1628746715355000,0,14.79176988,1.4993
1628746765615000,0,25.91431748,1.5020
1628746798723000,0,178.13157502,1.5086
1628746881630000,0,249.19218782,1.5177
1628746881630000,0,79.46273966,1.5177
1628747937125000,0,254.39499019,1.5166
1628748854373000,1,255.21198731,1.5000
1628748930342000,1,145.70250931,1.5000
1628749364295000,0,159.67098672,1.5095
1628749520813000,0,101.46989350,1.5071
1628749879355000,1,408.78801269,1.5000
1628749879355000,1,33.16666666,1.5000
1628750284124000,0,116.65699206,1.4922
1628750290511000,0,245.98798985,1.4931
1628750292180000,0,105.77399965,1.4917
1628750303891000,0,76.42031171,1.4915
1628750658024000,0,13.22204504,1.5051
1628750717342000,1,190.28698305,1.5048
1628750934689000,0,102.10399041,1.5031
1628751008654000,1,141.35474386,1.5008
1628751433064000,0,200.00000000,1.5053
1628751589653000,0,122.22699125,1.5126
1628751624914000,1,254.78713809,1.5120
1628751652640000,1,35.00955063,1.5120
1628751724502000,1,300.00000000,1.5120
1628751924022000,0,200.00000000,1.5151
1628751924022000,0,82.60668699,1.5151
1628752299598000,1,41.75866808,1.5198
1628752798629000,0,104.31299134,1.5245
1628752802483000,0,104.31299134,1.5244
1628753451215000,0,117.10622136,1.5192
1628753451643000,0,117.21714631,1.5192
1628753451703000,0,112.57642369,1.5192
1628753451703000,0,120.50817176,1.5192
1628753526165000,0,328.27494291,1.5198
1628753530074000,1,117.21715900,1.5161
1628753588065000,0,216.81597786,1.5192
1628753855568000,0,253.47327799,1.5189
1628753856424000,0,28.72321216,1.5196
1628754023886000,0,577.00000000,1.5212
1628754758340000,0,76.42031170,1.5311
1628754833895000,0,0.00000001,1.5311
1628754833895000,0,62.64187999,1.5355
1628754834214000,0,648.22514422,1.5393
1628755659594000,1,94.45477942,1.5300
1628755661239000,1,105.54522058,1.5300
1628755661239000,1,84.09434465,1.5300
1628755785084000,1,415.90565535,1.5300
1628756249636000,0,15.92064000,1.5393
1628756316514000,0,323.92700000,1.5363
1628756322576000,0,281.54499347,1.5355
1628756481976000,0,909.26600000,1.5436
1628756481976000,0,577.00000000,1.5436
1628756481976000,0,1769.93869805,1.5489
1628757854353000,0,15.95747000,1.5389
1628758457916000,0,15.98936000,1.5361
1628759661790000,1,15.98871000,1.5161
1628759884440000,1,454.63400000,1.5160
1628759890129000,1,454.63400000,1.5160
1628759905525000,1,90.73200000,1.5160
1628759936725000,0,256.26700000,1.5144
1628759959371000,0,357.50799021,1.5142
1628759963395000,1,16.01827000,1.5100
1628760457819000,0,254.19838514,1.5172
1628760458713000,0,13.37023491,1.5172
1628760878042000,1,30.00000000,1.5276
1628760925390000,1,110.53779615,1.5340
1628761080563000,0,355.32497526,1.5324
1628761750632000,1,145.91520317,1.5260
1628763258151000,0,260.95700000,1.5458
1628763262517000,0,118.22400000,1.5458
1628763352615000,0,16.06640831,1.5483
1628763655713000,0,121.48898674,1.5472
1628764435099000,0,140.63200000,1.5439
1628765034640000,0,165.78300000,1.5372
1628765042172000,0,151.52199305,1.5358
1628765465020000,1,172.41030000,1.5340
1628767507520000,0,314.44600000,1.5233
1628767507758000,0,165.08399364,1.5233
1628767535144000,0,267.52757526,1.5253
1628767538963000,0,125.57898906,1.5251
1628767538983000,0,74.42101094,1.5251
1628767538983000,0,82.55297954,1.5251
1628767546944000,0,282.62162728,1.5251
1628767565644000,0,282.55297954,1.5243
1628767694793000,0,136.62499162,1.5228
1628768761998000,0,191.56698939,1.5101
1628768775638000,1,141.31478341,1.4978
1628768775742000,1,96.17937453,1.4978
1628768775742000,1,200.00000000,1.4974
1628768775742000,1,237.29908296,1.4974
1628768775742000,1,44.10412509,1.4974
1628768835326000,0,33.70350074,1.5080
1628768839458000,0,86.05038546,1.5080
1628768966171000,0,49.56700204,1.5121
1628768968265000,0,35.10327009,1.5121
1628769050148000,0,17.54529870,1.5166
1628769050148000,0,103.47770130,1.5177
1628769056191000,0,103.90899195,1.5165
1628769468059000,0,145.29498546,1.5096
1628770042733000,0,339.88400000,1.5034
1628770587213000,0,104.40398896,1.5106
1628771039392000,0,79.57498000,1.5034
1628771359463000,0,54.10796000,1.4930
1628771362132000,0,75.68704412,1.4930
1628771607131000,0,400.90516100,1.4958
1628771607616000,0,232.88300000,1.4958
1628771634106000,1,248.27762011,1.4875
1628771634106000,1,188.73399678,1.4869
1628772124844000,0,120.58999368,1.4933
1628772214634000,0,101.90199290,1.4963
1628772585197000,0,52.71922000,1.4962
1628773125349000,0,201.47899251,1.4989
1628773155363000,0,199.66800000,1.4978
1628774112503000,1,200.00000000,1.4941
1628774112577000,0,125.99999431,1.4941
1628774118241000,0,101.44200000,1.4941
1628774122824000,0,126.00720844,1.4941
1628774132973000,0,126.08556436,1.4941
1628774214686000,0,72.49242000,1.4941
1628774244115000,0,31.24695000,1.4941
1628774273946000,0,21.12103000,1.4941
1628774357644000,0,126.00000000,1.4941
1628774368173000,0,121.37605932,1.4941
1628774616126000,0,0.00001231,1.4941
1628774734406000,0,324.71700000,1.5085
1628774734406000,0,79.39981107,1.5085
1628775451377000,1,124.26298200,1.4986
1628776082325000,0,123.79360921,1.5050
1628776091071000,0,241.22200000,1.5046
1628776620061000,1,80.00000000,1.4952
1628777552368000,0,101.11900000,1.4860
1628777691114000,1,33.64189189,1.4800
1628777691114000,1,200.00000000,1.4746
1628777691114000,1,238.72703690,1.4746
1628777721038000,1,78.72815480,1.4775
1628777834377000,1,32.55187633,1.4832
1628777951967000,0,108.62298895,1.4862
1628777989667000,0,100.51692000,1.4841
1628778442490000,1,20.00000000,1.4732
1628778446216000,0,19.00637392,1.4729
1628778526067000,0,33.00000000,1.4695
1628778601422000,0,70.02277000,1.4683
1628779060563000,0,313.41998218,1.4754
1628779179637000,0,141.19535000,1.4734
1628779416671000,0,139.06763000,1.4745
1628779767804000,0,45.02398000,1.4686
1628779993842000,1,328.65492748,1.4579
1628780229600000,0,322.19900000,1.4597
1628780229617000,0,62.73846273,1.4597
1628780229617000,0,170.57853727,1.4597
1628780230074000,0,233.31700000,1.4597
1628780264493000,0,65.76829009,1.4590
1628780762470000,0,298.03698264,1.4697
1628780764802000,0,133.49599162,1.4696
1628781156535000,0,122.07898914,1.4701
1628781279128000,0,129.24599207,1.4688
1628781825504000,1,237.56641239,1.4653
1628781825504000,1,45.04027460,1.4653
1628781951379000,0,16.87913146,1.4737
1628783337263000,0,146.16500000,1.4852
1628783399615000,0,67.85124000,1.4842
1628783399615000,0,88.24118000,1.4846
1628783731752000,0,254.30574174,1.4814
1628783731752000,0,230.71590957,1.4814
1628783731752000,0,188.51419547,1.4814
1628784009426000,0,34.86508000,1.4728
1628784038921000,0,63.61987000,1.4716
1628784239374000,0,110.83998863,1.4659
1628784251933000,0,90.85225000,1.4647
1628784316926000,0,58.00997000,1.4651
1628784736646000,0,41.82941000,1.4733
1628784856774000,0,33.89874000,1.4714
1628784917134000,0,28.29125000,1.4687
1628785715467000,0,412.49246155,1.4535
1628785722508000,0,100.00000000,1.4535
1628785735872000,0,100.00000000,1.4528
1628785801956000,0,20.57000000,1.4532
1628785937035000,1,13.86206896,1.4500
1628785960691000,0,62.59093000,1.4500
1628786316565000,0,0.00000036,1.4500
1628786722423000,0,40.27143000,1.4623
1628786928907000,1,40.00000000,1.4593
1628787118833000,0,26.56870000,1.4675
1628787182619000,1,49.51327000,1.4651
1628787507196000,0,34.91132000,1.4655
1628790033591000,0,117.33756600,1.4825
1628790036726000,0,99.97932297,1.4825
1628790036726000,0,21.82267703,1.4825
1628790036898000,0,121.80200000,1.4825
1628790037556000,0,109.95478600,1.4825
1628790037754000,0,0.00000574,1.4825
1628790037754000,0,77.83542862,1.4847
1628790037754000,0,43.96656564,1.4847
1628790044003000,0,123.92570539,1.4846
1628790044953000,0,123.92570539,1.4846
1628790045209000,0,123.92570539,1.4846
1628790045414000,0,123.92570539,1.4846
1628790046176000,0,83.29717844,1.4846
1628790046176000,0,39.50934422,1.4982
1628790046468000,0,122.80734238,1.4982
1628790052845000,0,71.99617661,1.4982
1628790052845000,0,38.91771431,1.4991
1628790052845000,0,11.81726418,1.4991
1628790058662000,0,65.76829009,1.4991
1628790058662000,0,111.23842991,1.5024
1628790095154000,0,23.91962000,1.4830
1628792185047000,0,435.20026379,1.4860
1628794627586000,0,45.99424000,1.4978
1628794775088000,0,76.38389000,1.4960
1628796879323000,0,51.32282000,1.4944
1628798278658000,0,137.64136000,1.5006
1628799132622000,0,579.00000000,1.4992
1628799290364000,0,33.06916767,1.5045
1628800059560000,1,200.00000000,1.5000
1628800059560000,1,204.11681107,1.5000
1628801607020000,1,109.45607150,1.5000
1628801688333000,1,123.99998667,1.5000
1628801700775000,1,123.99998667,1.5000
1628801724398000,1,80.89470000,1.5000
1628802185369000,1,123.99998667,1.5000
1628802217560000,1,123.99998667,1.5000
1628802232764000,1,123.99998667,1.5000
1628802346664000,1,123.99998667,1.5000
1628809517351000,1,15.00000000,1.4862
1628809517351000,1,16.23135000,1.4710
1628810999994000,0,255.08469383,1.4885
1628810999996000,0,139.40330617,1.4885
1628811598568000,0,62.45094000,1.4972
1628811623266000,0,50.19946000,1.4954
1628811837715000,0,467.59498350,1.4947
1628811852216000,1,55.50488896,1.4947
