timestamp ms,type,amount,price
1628727155593000,0,92.90322580,1.5892
1628730767267000,0,0.00000001,1.5892
1628731676476000,0,117.17399468,1.6083
1628731676656000,0,15.46324448,1.6083
1628733087404000,1,214.63232283,1.5993
1628733092899000,1,34.48493375,1.5994
1628736528790000,1,221.41025936,1.5986
1628736528790000,1,200.00000000,1.5985
1628736540253000,1,251.82128172,1.5973
1628739570224000,1,49.00000000,1.6109
1628742486080000,0,29.43465303,1.5802
1628742486080000,0,73.56496233,1.5802
1628742486080000,0,143.93185463,1.5802
1628742486081000,0,47.42383163,1.5802
1628742486081000,0,199.50763836,1.5802
1628742486083000,0,0.49236164,1.5802
1628742486083000,0,246.43910835,1.5839
1628742486086000,0,246.93146999,1.5839
1628742486136000,0,83.62942166,1.5839
1628742486136000,0,163.29642696,1.5908
1628742486170000,0,29.38391737,1.5908
1628742486178000,1,190.99546293,1.6131
1628742486179000,1,73.45979343,1.6131
1628742486209000,1,2219.25107627,1.6131
1628743433423000,0,29.40556404,1.5871
1628743433423000,0,76.47525331,1.5871
1628744238297000,1,80.92079235,1.5687
1628744238318000,1,119.07920765,1.5687
1628744275838000,1,200.00000000,1.5618
1628744275838000,1,47.44776578,1.5618
1628744275844000,1,247.44776578,1.5618
1628744275844000,1,247.44776578,1.5618
1628744275845000,1,96.98727379,1.5618
1628744275845000,1,150.46049199,1.5569
1628744275846000,1,247.44776578,1.5569
1628744275847000,1,247.44776578,1.5569
1628744275851000,1,247.44776578,1.5569
1628744291307000,1,244.41306426,1.5601
1628745728245000,0,24.51768901,1.5290
1628745728245000,0,61.29422252,1.5290
1628745728245000,0,159.36497855,1.5290
1628745749619000,0,86.98723315,1.5284
1628745947571000,1,256.20011661,1.5000
1628745947583000,1,256.19773290,1.5000
1628745947599000,1,164.05216789,1.5000
1628745947866000,1,256.19773290,1.5000
1628745947869000,1,256.19773290,1.5000
1628745947872000,1,256.19773290,1.5000
1628745947872000,1,256.19773290,1.5000
1628745948242000,1,125.64137958,1.5000
1628745949192000,1,41.36416491,1.5000
1628745989325000,1,131.75350651,1.5000
1628745989325000,1,13.40000000,1.5000
1628745989325000,1,13.40000000,1.5000
1628746201126000,0,42.91018028,1.5066
1628746201126000,0,17.16162539,1.5066
1628746201126000,0,196.46084450,1.5066
1628746201154000,0,203.53915550,1.5066
1628746201154000,0,17.16496745,1.5066
1628746201154000,0,35.82852722,1.5066
1628746625652000,1,115.86721495,1.4850
1628746715355000,0,96.24645605,1.4993
1628746715355000,0,36.97942469,1.4993
1628746715355000,0,14.79176988,1.4993
1628746765615000,0,25.91431748,1.5020
1628746798723000,0,178.13157502,1.5086
1628746881630000,0,249.19218782,1.5177
1628746881630000,0,79.46273966,1.5177
1628747937125000,0,254.39499019,1.5166
1628748854373000,1,255.21198731,1.5000
1628748930342000,1,145.70250931,1.5000
1628749364295000,0,159.67098672,1.5095
1628749520813000,0,101.46989350,1.5071
1628749879355000,1,408.78801269,1.5000
1628749879355000,1,33.16666666,1.5000
1628750284124000,0,116.65699206,1.4922
1628750290511000,0,245.98798985,1.4931
1628750292180000,0,105.77399965,1.4917
1628750303891000,0,76.42031171,1.4915
1628750658024000,0,13.22204504,1.5051
1628750717342000,1,190.28698305,1.5048
1628750934689000,0,102.10399041,1.5031
1628751008654000,1,141.35474386,1.5008
1628751433064000,0,200.00000000,1.5053
1628751589653000,0,122.22699125,1.5126
1628751624914000,1,254.78713809,1.5120
1628751652640000,1,35.00955063,1.5120
1628751724502000,1,300.00000000,1.5120
1628751924022000,0,200.00000000,1.5151
1628751924022000,0,82.60668699,1.5151
1628752299598000,1,41.75866808,1.5198
1628752798629000,0,104.31299134,1.5245
1628752802483000,0,104.31299134,1.5244
1628753451215000,0,117.10622136,1.5192
1628753451643000,0,117.21714631,1.5192
1628753451703000,0,112.57642369,1.5192
1628753451703000,0,120.50817176,1.5192
1628753526165000,0,328.27494291,1.5198
1628753530074000,1,117.21715900,1.5161
1628753588065000,0,216.81597786,1.5192
1628753855568000,0,253.47327799,1.5189
1628753856424000,0,28.72321216,1.5196
1628754023886000,0,577.00000000,1.5212
1628754758340000,0,76.42031170,1.5311
1628754833895000,0,0.00000001,1.5311
1628754833895000,0,62.64187999,1.5355
1628754834214000,0,648.22514422,1.5393
1628755659594000,1,94.45477942,1.5300
1628755661239000,1,105.54522058,1.5300
1628755661239000,1,84.09434465,1.5300
1628755785084000,1,415.90565535,1.5300
1628756249636000,0,15.92064000,1.5393
1628756316514000,0,323.92700000,1.5363
1628756322576000,0,281.54499347,1.5355
1628756481976000,0,909.26600000,1.5436
1628756481976000,0,577.00000000,1.5436
1628756481976000,0,1769.93869805,1.5489
1628757854353000,0,15.95747000,1.5389
1628758457916000,0,15.98936000,1.5361
1628759661790000,1,15.98871000,1.5161
1628759884440000,1,454.63400000,1.5160
1628759890129000,1,454.63400000,1.5160
1628759905525000,1,90.73200000,1.5160
1628759936725000,0,256.26700000,1.5144
1628759959371000,0,357.50799021,1.5142
1628759963395000,1,16.01827000,1.5100
1628760457819000,0,254.19838514,1.5172
1628760458713000,0,13.37023491,1.5172
1628760878042000,1,30.00000000,1.5276
1628760925390000,1,110.53779615,1.5340
1628761080563000,0,355.32497526,1.5324
1628761750632000,1,145.91520317,1.5260
1628763258151000,0,260.95700000,1.5458
1628763262517000,0,118.22400000,1.5458
1628763352615000,0,16.06640831,1.5483
1628763655713000,0,121.48898674,1.5472
1628764435099000,0,140.63200000,1.5439
1628765034640000,0,165.78300000,1.5372
1628765042172000,0,151.52199305,1.5358
1628765465020000,1,172.41030000,1.5340
1628767507520000,0,314.44600000,1.5233
1628767507758000,0,165.08399364,1.5233
1628767535144000,0,267.52757526,1.5253
1628767538963000,0,125.57898906,1.5251
1628767538983000,0,74.42101094,1.5251
1628767538983000,0,82.55297954,1.5251
1628767546944000,0,282.62162728,1.5251
1628767565644000,0,282.55297954,1.5243
1628767694793000,0,136.62499162,1.5228
1628768761998000,0,191.56698939,1.5101
1628768775638000,1,141.31478341,1.4978
1628768775742000,1,96.17937453,1.4978
1628768775742000,1,200.00000000,1.4974
1628768775742000,1,237.29908296,1.4974
1628768775742000,1,44.10412509,1.4974
1628768835326000,0,33.70350074,1.5080
1628768839458000,0,86.05038546,1.5080
1628768966171000,0,49.56700204,1.5121
1628768968265000,0,35.10327009,1.5121
1628769050148000,0,17.54529870,1.5166
1628769050148000,0,103.47770130,1.5177
1628769056191000,0,103.90899195,1.5165
1628769468059000,0,145.29498546,1.5096
1628770042733000,0,339.88400000,1.5034
1628770587213000,0,104.40398896,1.5106
1628771039392000,0,79.57498000,1.5034
1628771359463000,0,54.10796000,1.4930
1628771362132000,0,75.68704412,1.4930
1628771607131000,0,400.90516100,1.4958
1628771607616000,0,232.88300000,1.4958
1628771634106000,1,248.27762011,1.4875
1628771634106000,1,188.73399678,1.4869
1628772124844000,0,120.58999368,1.4933
1628772214634000,0,101.90199290,1.4963
1628772585197000,0,52.71922000,1.4962
1628773125349000,0,201.47899251,1.4989
1628773155363000,0,199.66800000,1.4978
1628774112503000,1,200.00000000,1.4941
1628774112577000,0,125.99999431,1.4941
1628774118241000,0,101.44200000,1.4941
1628774122824000,0,126.00720844,1.4941
1628774132973000,0,126.08556436,1.4941
1628774214686000,0,72.49242000,1.4941
1628774244115000,0,31.24695000,1.4941
1628774273946000,0,21.12103000,1.4941
1628774357644000,0,126.00000000,1.4941
1628774368173000,0,121.37605932,1.4941
1628774616126000,0,0.00001231,1.4941
1628774734406000,0,324.71700000,1.5085
1628774734406000,0,79.39981107,1.5085
1628775451377000,1,124.26298200,1.4986
1628776082325000,0,123.79360921,1.5050
1628776091071000,0,241.22200000,1.5046
1628776620061000,1,80.00000000,1.4952
1628777552368000,0,101.11900000,1.4860
1628777691114000,1,33.64189189,1.4800
1628777691114000,1,200.00000000,1.4746
1628777691114000,1,238.72703690,1.4746
1628777721038000,1,78.72815480,1.4775
1628777834377000,1,32.55187633,1.4832
1628777951967000,0,108.62298895,1.4862
1628777989667000,0,100.51692000,1.4841
1628778442490000,1,20.00000000,1.4732
1628778446216000,0,19.00637392,1.4729
1628778526067000,0,33.00000000,1.4695
1628778601422000,0,70.02277000,1.4683
1628779060563000,0,313.41998218,1.4754
1628779179637000,0,141.19535000,1.4734
1628779416671000,0,139.06763000,1.4745
1628779767804000,0,45.02398000,1.4686
1628779993842000,1,328.65492748,1.4579
1628780229600000,0,322.19900000,1.4597
1628780229617000,0,62.73846273,1.4597
1628780229617000,0,170.57853727,1.4597
1628780230074000,0,233.31700000,1.4597
1628780264493000,0,65.76829009,1.4590
1628780762470000,0,298.03698264,1.4697
1628780764802000,0,133.49599162,1.4696
1628781156535000,0,122.07898914,1.4701
1628781279128000,0,129.24599207,1.4688
1628781825504000,1,237.56641239,1.4653
1628781825504000,1,45.04027460,1.4653
1628781951379000,0,16.87913146,1.4737
1628783337263000,0,146.16500000,1.4852
1628783399615000,0,67.85124000,1.4842
1628783399615000,0,88.24118000,1.4846
1628783731752000,0,254.30574174,1.4814
1628783731752000,0,230.71590957,1.4814
1628783731752000,0,188.51419547,1.4814
1628784009426000,0,34.86508000,1.4728
1628784038921000,0,63.61987000,1.4716
1628784239374000,0,110.83998863,1.4659
1628784251933000,0,90.85225000,1.4647
1628784316926000,0,58.00997000,1.4651
1628784736646000,0,41.82941000,1.4733
1628784856774000,0,33.89874000,1.4714
1628784917134000,0,28.29125000,1.4687
1628785715467000,0,412.49246155,1.4535
1628785722508000,0,100.00000000,1.4535
1628785735872000,0,100.00000000,1.4528
1628785801956000,0,20.57000000,1.4532
1628785937035000,1,13.86206896,1.4500
1628785960691000,0,62.59093000,1.4500
1628786316565000,0,0.00000036,1.4500
1628786722423000,0,40.27143000,1.4623
1628786928907000,1,40.00000000,1.4593
1628787118833000,0,26.56870000,1.4675
1628787182619000,1,49.51327000,1.4651
1628787507196000,0,34.91132000,1.4655
1628790033591000,0,117.33756600,1.4825
1628790036726000,0,99.97932297,1.4825
1628790036726000,0,21.82267703,1.4825
1628790036898000,0,121.80200000,1.4825
1628790037556000,0,109.95478600,1.4825
1628790037754000,0,0.00000574,1.4825
1628790037754000,0,77.83542862,1.4847
1628790037754000,0,43.96656564,1.4847
1628790044003000,0,123.92570539,1.4846
1628790044953000,0,123.92570539,1.4846
1628790045209000,0,123.92570539,1.4846
1628790045414000,0,123.92570539,1.4846
1628790046176000,0,83.29717844,1.4846
1628790046176000,0,39.50934422,1.4982
1628790046468000,0,122.80734238,1.4982
1628790052845000,0,71.99617661,1.4982
1628790052845000,0,38.91771431,1.4991
1628790052845000,0,11.81726418,1.4991
1628790058662000,0,65.76829009,1.4991
1628790058662000,0,111.23842991,1.5024
1628790095154000,0,23.91962000,1.4830
1628792185047000,0,435.20026379,1.4860
1628794627586000,0,45.99424000,1.4978
1628794775088000,0,76.38389000,1.4960
1628796879323000,0,51.32282000,1.4944
1628798278658000,0,137.64136000,1.5006
1628799132622000,0,579.00000000,1.4992
1628799290364000,0,33.06916767,1.5045
1628800059560000,1,200.00000000,1.5000
1628800059560000,1,204.11681107,1.5000
1628801607020000,1,109.45607150,1.5000
1628801688333000,1,123.99998667,1.5000
1628801700775000,1,123.99998667,1.5000
1628801724398000,1,80.89470000,1.5000
1628802185369000,1,123.99998667,1.5000
1628802217560000,1,123.99998667,1.5000
1628802232764000,1,123.99998667,1.5000
1628802346664000,1,123.99998667,1.5000
1628809517351000,1,15.00000000,1.4862
1628809517351000,1,16.23135000,1.4710
1628810999994000,0,255.08469383,1.4885
1628810999996000,0,139.40330617,1.4885
1628811598568000,0,62.45094000,1.4972
1628811623266000,0,50.19946000,1.4954
1628811837715000,0,467.59498350,1.4947
1628811852216000,1,55.50488896,1.4947
