timestamp ms,type,amount,price
1626489956632000,1,50.00000000,1.1100
1626489956632000,1,35.37379000,1.1100
1626489957049000,1,85.86464000,1.1100
1626489957359000,1,63.93062000,1.1100
1626490021376000,1,18.93478319,1.1100
1626490533000000,1,456.18710276,1.1100
1626490682857000,1,18.12200000,1.1041
1626490682857000,1,24.00000000,1.1000
1626490682857000,1,50.00000000,1.1000
1626490682857000,1,75.01860000,1.1000
1626490923017000,1,18.12201693,1.1000
1626490923017000,1,8.82658615,1.0900
1626490923022000,1,15.17341385,1.0900
1626490923022000,1,24.00000000,1.0800
1626490923022000,1,65.13212445,1.0785
1626491102757000,0,24.00000000,1.0900
1626491128524000,0,8.82658615,1.1000
1626491128524000,0,15.17341385,1.1000
1626496097451000,0,24.00000000,1.1100
1626496247689000,0,224.93095816,1.1443
1626496247689000,0,42.57901845,1.1443
1626496608195000,0,223.27100000,1.1435
1626496611907000,0,104.93698627,1.1434
1626497267036000,0,69.42976000,1.1550
1626497299500000,0,47.44950000,1.1550
1626498173839000,0,37.41322000,1.1550
1626498624414000,0,35.72476000,1.1549
1626498659289000,0,25.75004000,1.1549
1626498872466000,0,47.24590000,1.1549
1626499249337000,0,57.19378000,1.1550
1626499274356000,0,59.31642000,1.1550
1626501435646000,1,200.00000000,1.1227
1626501435646000,1,22.13842953,1.1227
1626504397380000,0,25.15448000,1.1550
1626504419706000,0,23.12917000,1.1550
1626505113270000,0,26.73495000,1.1550
1626506302209000,0,179.78379038,1.1838
1626506302209000,0,22.13842952,1.1838
1626506302209000,0,22.60712298,1.1838
1626506302209000,0,17.47826086,1.1960
1626506302209000,0,200.00000000,1.2123
1626506302209000,0,208.48919281,1.2123
1626506302209000,0,77.02519965,1.2123
1626507918107000,1,27.21654256,1.1541
1626507918107000,1,525.32411744,1.1541
1626508243951000,1,266.05215232,1.1540
1626508243951000,1,213.33521208,1.1540
1626508243951000,1,178.31211790,1.1538
1626508285483000,1,17.47826086,1.1500
1626508285483000,1,114.96455798,1.0911
1626508285483000,1,67.55718116,1.0911
1626508285943000,1,328.84974116,1.0911
1626508304466000,1,164.42487058,1.0913
1626508311955000,1,82.21243528,1.0914
1626508488331000,1,48.99871042,1.0911
1626508488331000,1,33.21372487,1.0904
1626511922119000,0,85.84670182,1.1623
1626512095822000,0,127.30099795,1.1623
1626512095822000,0,216.69998296,1.1623
1626512098161000,0,191.61920000,1.1623
1626512519678000,0,130.61500000,1.1620
1626512534509000,0,148.34368000,1.1620
1626513923665000,0,25.32863000,1.1619
1626514611672000,0,42.46152000,1.1618
1626514853350000,0,35.92725000,1.1618
1626516938132000,1,82.65202000,1.1600
1626516938132000,1,7.52358495,1.1600
1626517495848000,0,259.79035681,1.1618
1626517495848000,0,540.10487111,1.1618
1626517496927000,1,57.61663505,1.1600
1626517496927000,1,43.38336495,1.1600
1626518427189000,1,17.90000000,1.1600
1626518487881000,1,5.93356505,1.1600
1626523826863000,0,12.18843495,1.1600
1626523826863000,0,4.86080723,1.1960
1626524053071000,0,2.95075782,1.1960
1626524077897000,0,9.66669581,1.1960
1626524077897000,0,14.33330419,1.2123
1626524206934000,0,12.88323837,1.2123
1626524206934000,0,11.11676163,1.2190
1626527508222000,0,16.86483050,1.1800
1626527889649000,0,7.13516950,1.1800
1626527889649000,0,9.64789915,1.1900
1626528060649000,1,28.18384772,1.1699
1626528160677000,0,14.35210085,1.1900
1626528160677000,0,24.00000000,1.2000
1626528160677000,0,24.00000000,1.2100
1626528160677000,0,28.18384772,1.2190
1626528160677000,0,75.81615243,1.2190
1626529436503000,1,29.53442795,1.1627
1626529441342000,1,365.59999500,1.1628
1626529597770000,1,422.91160954,1.1627
1626529597770000,1,177.52137622,1.1627
1626529597770000,1,178.06813095,1.1621
1626529597770000,1,21.39411121,1.1600
1626529632270000,1,2.60588879,1.1600
1626529632270000,1,17.47826086,1.1500
1626529632270000,1,24.00000000,1.1500
1626529632270000,1,24.00000000,1.1400
1626529632270000,1,24.00000000,1.1300
1626529632270000,1,76.78336165,1.1200
1626529632583000,1,92.08416194,1.1200
1626529632583000,1,24.00000000,1.1200
1626529632583000,1,200.00000000,1.1100
1626529632583000,1,24.00000000,1.1100
1626529632583000,1,16.38592353,1.1033
1626530175443000,0,24.00000000,1.1200
1626530302920000,0,24.00000000,1.1300
1626530302920000,0,70.06472508,1.1393
1626530311129000,0,17.56372446,1.1393
1626530461070000,0,21.03186000,1.1396
1626530555843000,0,24.00000000,1.1393
1626530573772000,0,24.00000000,1.1393
1626530589962000,0,24.00000000,1.1392
1626530611113000,0,24.00000000,1.1392
1626531019322000,0,139.12763845,1.1384
1626531082663000,0,49.28740000,1.1387
1626531092779000,0,25.57318000,1.1387
1626531119487000,0,23.73960000,1.1387
1626531625745000,0,68.94130000,1.1385
1626532052307000,0,40.52068000,1.1384
1626532080257000,0,31.63962000,1.1383
1626532583984000,1,200.00000000,1.1300
1626532583984000,1,450.00000000,1.1300
1626532583984000,1,24.00000000,1.1200
1626532583984000,1,24.00000000,1.1100
1626532583984000,1,24.36622425,1.1022
1626532583984000,1,3.94658438,1.1022
1626532597552000,0,24.00000000,1.1200
1626532597552000,0,24.00000000,1.1300
1626532597552000,0,346.84800000,1.1377
1626532597552000,0,494.81537222,1.1377
1626533621868000,0,60.31098000,1.1379
1626533643877000,0,55.42644000,1.1379
1626534738145000,0,24.30061000,1.1379
1626535097745000,0,29.38544000,1.1379
1626536125886000,0,25.29361000,1.1379
1626537543994000,0,36.17049000,1.1379
1626537572734000,0,40.34078000,1.1379
1626537874597000,0,23.09450657,1.1379
1626537874597000,0,10.52072343,1.1379
1626539354956000,0,25.08653000,1.1379
1626546787368000,1,24.00000000,1.1200
1626549878290000,1,24.00000000,1.1100
1626549882881000,0,19.81981982,1.1100
1626552013375000,0,24.00000000,1.1200
1626555198705000,0,23.06794000,1.1300
1626556241255000,0,0.93206000,1.1300
1626556241255000,0,24.00000000,1.1400
1626566388404000,1,24.00000000,1.1300
1626566389073000,0,26.24490526,1.1300
1626566522174000,0,24.00000000,1.1400
1626566522174000,0,14.69760000,1.1425
1626569319964000,1,187.37422000,1.1259
1626569365773000,0,5.12221982,1.1425
1626569365773000,0,24.00000000,1.1500
1626574305883000,0,24.00000000,1.1600
1626574305883000,0,24.00000000,1.1700
1626574305883000,0,17.56372446,1.1727
1626574305883000,0,24.00000000,1.1800
1626574305883000,0,24.00000000,1.1900
1626574305883000,0,17.47826086,1.1960
1626574305883000,0,24.00000000,1.2000
1626574305883000,0,24.00000000,1.2000
1626574305883000,0,400.00000000,1.2100
1626574305883000,0,216.49516713,1.2100
1626574305883000,0,197.95908581,1.2100
1626587101662000,1,24.00000000,1.1900
1626587156525000,1,24.00000000,1.1800
1626587156525000,1,0.75106000,1.1700
1626588383353000,0,24.00000000,1.1900
1626588584264000,0,24.00000000,1.2000
1626588584264000,0,2.78442148,1.2100
1626589210615000,1,100.00000000,1.1700
1626589851708000,0,24.55357000,1.1800
1626589884516000,0,21.77210000,1.1800
1626590620129000,1,24.00000000,1.1700
1626590620129000,1,30.00000000,1.1700
1626590620129000,1,83.07382000,1.1700
1626590620129000,1,82.93536000,1.1700
1626590655532000,1,200.00000000,1.1614
1626590655532000,1,666.57979410,1.1614
1626590656119000,1,26.78442148,1.1614
1626590669602000,1,195.61471471,1.1614
1626590690529000,1,213.02423973,1.1614
1626590715294000,1,24.00000000,1.1600
1626592531462000,0,21.08989000,1.1700
1626592788714000,1,42.30065899,1.1502
1626594128476000,0,2.91011000,1.1700
1626594128476000,0,23.06743000,1.1720
1626594151386000,0,24.55774000,1.1720
1626594663348000,0,322.64600000,1.1707
1626594663348000,0,94.73429897,1.1711
1626594754723000,0,22.38596000,1.1705
1626595176786000,0,39.96651000,1.1705
1626595237839000,1,39.94681000,1.1700
1626595237839000,1,49.67478000,1.1700
1626596852095000,1,10.79851456,1.1502
1626596852095000,1,17.47826086,1.1500
1626596852095000,1,24.00000000,1.1500
1626596852095000,1,24.00000000,1.1400
1626596852095000,1,24.00000000,1.1300
1626596852095000,1,108.41337406,1.1240
1626597159395000,0,24.00000000,1.1400
1626597159395000,0,0.11817000,1.1500
1626597901936000,0,23.88183000,1.1500
1626599126537000,1,199.99997346,1.1300
1626599302453000,1,84.02111000,1.1400
1626599302692000,1,15.97889000,1.1400
1626599309496000,0,26.31578947,1.1400
1626600199241000,1,24.00000000,1.1400
1626600240430000,0,24.00000000,1.1500
1626600292371000,0,24.00000000,1.1500
1626600330922000,0,2.00000000,1.1500
1626600382052000,0,22.00000000,1.1550
1626603444127000,0,28.00000000,1.1450
1626603444127000,0,24.00000000,1.1600
1626603444127000,0,223.09578737,1.1686
1626603444127000,0,579.87493853,1.1686
1626606987028000,1,200.00000000,1.1342
1626606987028000,1,595.34979530,1.1342
1626606987028000,1,210.85487865,1.1341
1626606987028000,1,222.46819905,1.1341
1626606987028000,1,688.54270552,1.1341
1626607191883000,0,230.48484021,1.1600
1626607191883000,0,197.81239417,1.1600
1626617682024000,1,55.77493451,1.1341
1626620370199000,1,218.92293517,1.1341
1626620370201000,1,0.00001551,1.1341
1626620370201000,1,224.11811341,1.1341
1626620370362000,1,0.00002971,1.1341
1626620370362000,1,554.79116929,1.1341
1626620416321000,1,348.63800052,1.1341
1626620416324000,1,0.00001129,1.1341
1626620416324000,1,1311.45727014,1.1341
1626620794517000,1,0.00002434,1.1341
1626620794517000,1,199.99997566,1.1300
1626620794689000,1,319.00001800,1.1300
1626621713687000,1,69.32743996,1.1300
1626623825971000,1,17.86600000,1.1200
1626623825971000,1,200.00000000,1.1000
1626623825971000,1,274.90747969,1.1000
1626624477457000,0,93.69812000,1.1345
1626628552852000,1,50.00000000,1.1100
1626629046896000,0,27.07323000,1.1330
1626629074272000,0,23.51979000,1.1333
1626630404217000,0,104.50866000,1.1333
1626632382709000,0,61.31618000,1.1481
1626636673592000,0,110.48863000,1.1488
1626637762247000,1,56.23109318,1.1062
