timestamp ms,type,amount,price
1626912731658000,0,21.35742000,1.0957
1626913364215000,0,18.80108992,1.0964
1626913364215000,0,3.15498008,1.0999
1626932192896000,0,23.51663000,1.0999
1626932591174000,0,100.16237000,1.0999
1626933492066000,0,99.60735000,1.0999
1626934174962000,0,182.26795923,1.1000
1626935867370000,0,60.00765718,1.1000
1626935868214000,0,246.70960170,1.1000
1626935868278000,0,246.70960170,1.1000
1626935868287000,0,246.70960170,1.1000
1626935868401000,0,246.68531487,1.1000
1626935868405000,0,246.68531487,1.1000
1626935868411000,0,246.68531487,1.1000
1626935876931000,0,90.91074383,1.1000
1626935877733000,0,90.91074383,1.1000
1626935878539000,0,44.27737270,1.1000
1626935878708000,0,4.91970808,1.1000
1626935878708000,0,2338.08029192,1.1000
1626935879330000,0,25.36658022,1.1000
1626935880131000,0,24.63661001,1.1000
1626935882770000,0,501.42734707,1.1000
1626936004912000,1,23.30152684,1.1067
1626938553987000,0,234.43332447,1.1216
1626938553987000,0,200.00000000,1.1220
1626938553987000,0,233.99464930,1.1220
1626938553987000,0,18.35779817,1.1221
1626938553987000,0,201.13504633,1.1287
1626941737680000,0,50.00000000,1.1218
1626946962158000,1,200.00000000,1.1000
1626946962158000,1,108.60000000,1.1000
1626947534502000,0,25.02881000,1.1213
1626947556687000,0,32.84365000,1.1210
1626948174147000,1,93.00000000,1.1077
1626948581711000,0,67.90825000,1.1154
1626952417933000,0,117.98649000,1.1147
1626954157810000,0,294.87498814,1.1049
1626954158316000,0,294.87498030,1.1049
1626954160009000,0,279.13798061,1.1049
1626954766325000,0,27.63386000,1.1032
1626954791434000,0,29.16413000,1.1029
1626954961330000,1,191.44618447,1.1000
1626955201491000,1,191.57820910,1.1000
1626955321671000,1,136.97634546,1.1000
1626955561782000,1,153.47530000,1.1000
1626956061929000,0,24.84853000,1.1028
1626956453838000,0,40.17331000,1.1010
1626956482183000,0,40.25314000,1.1010
1626956661595000,1,72.92396097,1.1000
1626957325681000,0,23.99729000,1.0982
1626964913875000,0,44.74044000,1.1032
1626964946151000,0,32.99316000,1.1032
1626965092970000,1,61.64263000,1.1000
1626965092970000,1,200.00000000,1.0950
1626965092970000,1,708.00000000,1.0950
1626965092970000,1,33.19578165,1.0950
1626965759436000,0,21.35496000,1.1050
1626965781409000,0,27.71056000,1.1047
1626966680194000,0,60.81332000,1.1072
1626966702313000,0,80.15956000,1.1071
1626966729808000,0,200.00000000,1.1070
1626967774199000,1,200.00000000,1.1108
1626968538121000,0,38.96010949,1.1177
1626969264885000,1,32.24184507,1.1209
1626972506527000,0,189.10098918,1.1217
1626976827099000,1,198.25000000,1.1220
1626977323579000,0,234.25200000,1.1289
1626977866882000,0,130.46499128,1.1285
1626977888366000,0,148.45999188,1.1283
1626978142139000,0,154.06213406,1.1272
1626978142351000,1,80.00000000,1.1215
1626982747117000,0,28.69719000,1.1214
1626982768620000,0,30.88098000,1.1213
1626983198813000,1,50.00000000,1.1151
1626983577193000,0,880.57179638,1.1186
1626984460477000,0,68.21184000,1.1177
1626984485799000,0,58.51684000,1.1177
1626984487060000,0,54.77339000,1.1177
1626985095502000,1,54.60259000,1.1151
1626985515090000,1,62.98191431,1.1151
1626993615381000,1,190.51613100,1.1151
1626993677155000,1,146.50193712,1.1151
1626993771163000,1,0.00001757,1.1151
1626993771163000,1,143.72513243,1.1100
1626994671032000,1,18.93017469,1.1100
1626998508269000,0,738.00000000,1.1346
1626998508269000,0,230.60210582,1.1346
1626998508269000,0,235.62711095,1.1346
1626998508269000,0,1435.01057456,1.1435
1626998513307000,0,222.52038907,1.1500
1626998513307000,0,223.64376843,1.1500
1626998513307000,0,190.46778392,1.1500
1626998518478000,0,157.79037812,1.1499
1626998522166000,0,38.86226659,1.1498
1626998684801000,1,143.80009000,1.1381
1626999351840000,0,274.90747969,1.1500
1626999351840000,0,100.00000000,1.1500
1626999355288000,1,629.99998261,1.1500
1626999653733000,1,104.21001000,1.1500
1627003105309000,1,218.17807315,1.1368
1627005751340000,0,25.05605000,1.1416
1627006500837000,0,242.33003810,1.1448
1627006500854000,0,157.66996190,1.1448
1627006779258000,0,42.25280404,1.1407
1627006779359000,0,157.74719596,1.1407
1627007612457000,0,24.44574000,1.1371
1627007856573000,0,21.44433000,1.1369
1627007939107000,1,238.79346443,1.1301
1627007939107000,1,200.00000000,1.1298
1627007939107000,1,226.60161139,1.1298
1627007939107000,1,2142.69344001,1.1203
1627008586002000,1,238.66414354,1.1293
1627008743337000,1,200.00000000,1.1325
1627008743337000,1,235.24211767,1.1323
1627009265636000,1,253.70260307,1.1379
1627009290489000,1,153.23637226,1.1353
1627009414909000,1,92.55476884,1.1354
1627009420687000,1,55.90308038,1.1354
1627009425697000,1,33.76546055,1.1354
1627011258408000,0,85.52098232,1.1341
1627017493897000,0,87.00051586,1.1437
1627017499852000,0,71.52325414,1.1437
1627017520263000,1,71.52325414,1.1368
1627023264055000,1,887.92081827,1.1274
1627024323280000,0,232.99030123,1.1288
1627024580744000,0,140.94470760,1.1295
1627028550036000,1,200.00000000,1.1106
1627028550036000,1,200.30609679,1.1106
1627038511755000,0,48.66733793,1.1222
1627038719680000,1,20.00000000,1.1175
1627038749236000,0,29.00000000,1.1221
1627038824073000,1,25.00000000,1.1175
1627038831921000,0,21.00000000,1.1221
1627044702965000,0,200.00000000,1.1108
1627046366999000,1,290.13541604,1.1106
1627056282810000,1,181.08645000,1.1000
1627056283821000,1,105.04991363,1.1000
1627056283821000,1,739.00000000,1.0962
1627056283821000,1,455.95008637,1.0946
1627056521882000,0,18.28048346,1.0946
1627058772048000,0,200.00000000,1.0810
1627059655131000,1,25.00000000,1.0800
1627060421909000,1,559.09082445,1.0739
1627060629317000,1,739.00000000,1.0762
1627062239422000,0,18.49265423,1.0761
1627062678882000,0,202.27841778,1.0762
1627064096579000,0,239.09233543,1.0779
1627066306605000,1,267.46369388,1.0769
1627066484802000,0,151.26100000,1.0787
1627066507982000,0,115.60299090,1.0789
1627068705853000,0,243.88618532,1.0805
1627071812196000,0,229.08662627,1.0937
1627076083352000,1,276.02735332,1.1066
1627078151197000,1,367.93673000,1.1200
1627078268703000,1,612.14681000,1.1200
1627080011434000,0,18.28048346,1.1267
1627082458091000,0,240.69366369,1.1385
1627082458091000,0,227.05701332,1.1385
1627082458091000,0,400.00000000,1.1391
1627082458091000,0,739.00000000,1.1391
