timestamp ms,type,amount,price
1621814674769000,1,222.74256821,1.21
1621814793705000,0,239.65342136,1.21
1621814793768000,0,239.51542691,1.21
1621815064345000,0,54.63178995,1.22
1621815079383000,1,237.82297837,1.22
1621815079601000,1,37.20368569,1.22
1621815124696000,1,212.06791490,1.21
1621815455019000,0,16.71441817,1.22
1621815462091000,1,20.42186000,1.23
1621815642176000,1,237.48473262,1.23
1621815706118000,1,64.73476471,1.22
1621815761491000,0,26.29773575,1.23
1621815910349000,1,26.39473895,1.23
1621815910465000,1,0.00000001,1.23
1621816611953000,1,186.01534622,1.21
1621816619794000,1,271.51894417,1.21
1621816708017000,1,230.42689371,1.21
1621817034020000,1,164.16657508,1.19
1621817538446000,0,240.47850700,1.21
1621817678932000,1,241.27760288,1.20
1621818236391000,1,242.53315946,1.18
1621818236392000,1,45.32519740,1.18
1621818236526000,1,167.94135329,1.18
1621818236927000,1,20.00000000,1.18
1621818237107000,1,150.63041560,1.18
1621818237144000,1,150.63041560,1.18
1621818237148000,1,150.63041560,1.18
1621818269530000,1,229.36359240,1.19
1621818296191000,1,228.38921296,1.18
1621818634688000,1,87.18192440,1.18
1621818718371000,1,244.56257874,1.17
1621818718943000,1,20.00000000,1.17
1621818723908000,1,227.90892962,1.17
1621818741470000,0,2643.53016414,1.17
1621818767035000,1,167.47843074,1.16
1621818819864000,1,444.34329972,1.16
1621818824039000,1,80.11552940,1.16
1621818886133000,0,17.30085856,1.16
1621818887020000,1,176.09849077,1.15
1621819007098000,1,117.08437918,1.17
1621819404688000,0,17.30085856,1.18
1621820036730000,1,440.37053391,1.18
1621820390663000,1,231.91817405,1.19
1621820390663000,1,690.94860956,1.19
1621820390663000,1,215.13321639,1.19
1621820446729000,0,68.98730872,1.19
1621820446729000,0,49.99834890,1.19
1621820524819000,1,68.77210321,1.20
1621820525057000,1,172.98208559,1.20
1621820556784000,0,68.57788440,1.20
1621820574709000,0,0.00000001,1.20
1621820574709000,0,68.52794224,1.20
1621820574724000,0,0.00000002,1.20
1621820889074000,0,243.94205665,1.19
1621821450894000,0,237.07101320,1.19
1621822213629000,0,240.41478142,1.18
1621822213629000,0,785.92593935,1.18
1621822464772000,0,245.29412645,1.17
1621822464783000,0,47.89788306,1.17
1621823246997000,0,68.17617652,1.20
1621823407933000,0,224.96925101,1.22
1621823407933000,0,67.42299352,1.22
1621823407933000,0,118.03378001,1.22
1621823469288000,1,67.74637331,1.21
1621823469542000,1,123.95588189,1.21
1621823469558000,1,190.40146720,1.21
1621823534454000,0,67.98696525,1.21
1621823534541000,0,67.98696524,1.21
1621823534542000,0,0.00000001,1.21
1621823635962000,0,67.78290137,1.21
1621823970917000,0,68.52704780,1.20
1621823970917000,0,171.32986073,1.20
1621824030107000,0,68.43109285,1.20
1621824030117000,0,0.00000001,1.20
1621824056701000,0,68.45640221,1.20
1621824434140000,0,28.83736910,1.21
1621824467480000,0,67.82773725,1.21
1621824467489000,0,0.00000001,1.21
1621824469529000,0,67.79346780,1.21
1621824469529000,0,105.08425093,1.21
1621824472138000,0,433.96193701,1.21
1621824472138000,0,227.20517494,1.21
1621824540478000,0,67.53781198,1.22
1621824540478000,0,168.91365205,1.22
1621826233834000,1,216.01051589,1.23
1621826249932000,1,66.72071181,1.23
1621826251795000,1,66.72071181,1.23
1621826254306000,1,66.71902416,1.23
1621826263646000,1,231.12686671,1.23
1621826264681000,1,1151.97359001,1.23
1621826405982000,0,16.42762731,1.24
1621826607478000,0,26.39473896,1.25
1621826724889000,1,26.46248524,1.24
1621826724895000,1,0.00000001,1.24
1621826740996000,0,65.89749782,1.25
1621826746917000,0,65.85509258,1.25
1621826886689000,0,66.38910335,1.24
1621826892000000,0,66.19758546,1.24
1621826993967000,0,66.28873604,1.24
1621826996655000,0,0.00000001,1.24
1621827156101000,0,66.28313510,1.24
1621827178972000,0,66.28367769,1.24
1621827178972000,0,0.00000001,1.24
1621827201722000,0,66.19163104,1.24
1621827367809000,0,66.47670625,1.24
1621827369372000,0,215.90643004,1.24
1621827625462000,0,66.39468671,1.24
1621828308557000,1,20.00000000,1.23
1621828865784000,0,81.28561325,1.23
1621829114232000,0,219.09238511,1.23
1621829114232000,0,1544.54116578,1.23
1621829738883000,0,234.07717771,1.22
1621829738883000,0,505.70054799,1.22
1621829739026000,1,98.60194557,1.22
1621829750346000,0,67.33021950,1.22
1621829750346000,0,117.62994122,1.22
1621830021176000,0,236.84909236,1.23
1621830021449000,0,236.65530007,1.23
1621830022605000,0,236.61492042,1.23
1621830022633000,0,214.61857357,1.23
1621830050989000,0,233.81654455,1.22
1621830296909000,1,672.29336294,1.22
1621830296909000,1,327.70663706,1.22
1621831365309000,0,229.63258398,1.18
1621831373399000,1,239.40925344,1.18
1621831388525000,0,463.68243660,1.18
1621831417974000,1,563.08763000,1.18
1621831417974000,1,233.10773220,1.18
1621831417974000,1,695.21150949,1.18
1621831417974000,1,272.22667920,1.18
1621831551796000,0,39.87876854,1.19
1621832429925000,0,239.33759861,1.20
1621832429934000,0,239.33759861,1.20
1621832430087000,0,239.35983710,1.20
1621832430653000,0,239.43377758,1.20
1621832430678000,0,239.45813349,1.20
1621832431456000,0,239.35842042,1.20
1621832431711000,0,362.98605459,1.20
1621832435456000,0,224.81616029,1.21
1621832449231000,0,234.41416081,1.21
1621832610621000,0,120.10666518,1.21
1621832762977000,0,39.42872456,1.22
1621833216995000,0,18.00000000,1.23
1621833220938000,0,229.98322510,1.23
1621833519265000,1,126.56990062,1.22
1621833998870000,1,48.88819479,1.22
1621834050813000,1,48.89696915,1.22
1621834076725000,1,129.49445050,1.22
1621835063028000,1,20.00000000,1.20
1621835086595000,1,238.69917774,1.20
1621835712186000,1,49.00000000,1.21
1621835837876000,0,20.00000000,1.21
1621835972934000,0,67.60174158,1.21
1621835972934000,0,169.00993599,1.21
1621835972934000,0,175.15951910,1.21
1621836089297000,0,85.77580162,1.21
1621836380485000,1,237.80128123,1.21
1621836381143000,1,237.82981964,1.21
1621836381179000,1,237.82981964,1.21
1621836381235000,1,130.04534572,1.21
1621836381354000,1,4156.49373377,1.21
1621836402602000,0,221.35629753,1.21
1621836402602000,0,120.33929753,1.21
1621836402602000,0,728.42738000,1.21
1621836403199000,1,141.10976000,1.21
1621836406280000,1,295.18483800,1.21
1621836406393000,1,160.35416500,1.21
1621836408365000,1,227.07755400,1.21
1621836408492000,1,125.22149300,1.21
1621836408533000,1,180.72051213,1.21
1621836410336000,1,237.96700828,1.21
1621836412368000,1,169.84539670,1.21
1621836413530000,1,136.11660500,1.21
1621836413670000,1,101.85040327,1.21
1621836415082000,1,101.97706800,1.21
1621836415182000,1,101.86503500,1.21
1621836415198000,1,136.01343200,1.21
1621836416962000,1,169.98870662,1.21
1621836416962000,1,101.97706800,1.21
1621836417105000,1,102.15783472,1.21
1621836417121000,1,135.84475200,1.21
1621836417131000,1,169.97642976,1.21
1621836417242000,1,102.15783500,1.21
1621836418173000,1,102.15783479,1.21
1621836418781000,1,135.81919900,1.21
1621836419092000,1,794.49409467,1.21
1621836577516000,1,88.52417590,1.19
1621836578409000,1,240.57331807,1.19
1621836578503000,1,159.56273679,1.19
1621836595508000,1,136.09659500,1.19
1621836794177000,1,5000.00000000,1.20
1621836846247000,0,237.98361158,1.21
1621836846247000,0,2.25321799,1.21
1621836846315000,0,133.89902995,1.21
1621836996598000,1,466.48185860,1.21
1621838784207000,0,20.00000000,1.23
1621838830414000,0,20.21541546,1.24
1621838918264000,0,77.03410583,1.23
1621839597055000,1,235.28344592,1.26
1621839597156000,1,235.32091665,1.26
1621839638416000,1,65.26669898,1.26
1621839645897000,0,65.25879541,1.26
1621839646508000,0,162.99993055,1.26
1621839646508000,0,73.72937560,1.26
1621839646509000,0,154.74494384,1.26
1621839716634000,0,26.46248525,1.26
1621839716634000,0,16.17924109,1.26
1621839931859000,0,200.00000000,1.27
1621839979504000,1,226.98278811,1.28
1621840001430000,1,26.23491993,1.27
1621840002536000,0,133.70411122,1.27
1621840292810000,1,20.00000000,1.28
1621840446344000,1,214.50869484,1.28
1621840499724000,0,130.00000000,1.28
1621840728056000,1,20.00000000,1.27
1621840743569000,1,32.95401034,1.27
1621840743587000,1,0.00000001,1.27
1621840765513000,0,152.13570599,1.27
1621841007008000,0,26.23491993,1.29
1621841030080000,0,42.73683055,1.30
1621841032364000,0,15.73558554,1.30
1621841039219000,0,17.00000000,1.30
1621841039219000,0,20.00000000,1.30
1621841067715000,0,62.99458331,1.30
1621841067715000,0,1018.57549868,1.30
1621841075530000,1,26.12537240,1.30
1621841075535000,1,0.00000001,1.30
1621841102375000,0,19.24794431,1.30
1621841153416000,0,41.00000000,1.30
1621841383165000,1,229.39295737,1.29
1621841383177000,1,229.39295737,1.29
1621841383543000,1,229.39294419,1.29
1621841385349000,1,175.64778838,1.29
1621841466403000,1,63.55205535,1.29
1621841503790000,1,63.30819187,1.30
1621841576950000,1,63.33017903,1.30
1621841774194000,0,228.20519961,1.31
1621841774201000,0,228.18828989,1.31
1621841774225000,0,228.18828989,1.31
1621841774263000,0,228.13349986,1.31
1621841774264000,0,228.13349986,1.31
1621841774279000,0,228.13349986,1.31
1621841774802000,0,691.01772103,1.31
1621841967832000,1,231.00009047,1.29
1621841967943000,1,231.18118842,1.29
1621842336032000,1,230.54630047,1.30
1621842336407000,1,93.91810934,1.30
1621842378821000,1,427.49602149,1.30
1621842462216000,0,193.31590912,1.29
1621842467517000,0,36.32323023,1.29
1621842467517000,0,63.52300106,1.29
1621842467517000,0,2.90504073,1.29
1621842480396000,1,635.15733175,1.29
1621842480396000,1,446.41275024,1.29
1621842783326000,0,52.05574569,1.31
1621842901501000,1,50.00000000,1.31
1621842923443000,1,20.00000000,1.31
1621842932290000,0,214.90062119,1.32
1621842932290000,0,228.41075316,1.32
1621842932290000,0,26.12537241,1.32
1621842932290000,0,20.00000000,1.32
1621842932290000,0,424.87990800,1.32
1621842932290000,0,599.69155013,1.33
1621842964973000,0,2220.00000000,1.31
1621842964973000,0,209.71096579,1.32
1621842964973000,0,220.47882419,1.32
1621842964973000,0,1361.45097848,1.32
1621843005878000,1,217.40873209,1.31
1621843041271000,1,20.00000000,1.31
1621843074082000,1,26.34982156,1.31
1621843186418000,0,40.00000000,1.31
1621843395933000,1,63.49104966,1.29
1621843604502000,0,63.27649689,1.30
1621843604502000,0,158.19124223,1.30
1621843604502000,0,221.46773911,1.30
1621843604502000,0,507.35138000,1.30
1621843604502000,0,590.56858517,1.30
1621843918662000,0,20.00000000,1.31
1621843978718000,1,156.62982733,1.32
1621843991638000,1,62.36813932,1.32
1621844013359000,0,20.00000000,1.32
1621844014121000,1,150.00000000,1.32
1621844044240000,0,62.19193151,1.32
1621844044240000,0,17.80806849,1.32
1621844120765000,1,20.00000000,1.32
1621844178339000,1,62.63669347,1.31
1621844296409000,0,26.34982156,1.32
1621844349211000,1,26.48655977,1.32
1621844579280000,1,20.00000000,1.31
1621844616092000,1,60.57382022,1.30
1621844626345000,0,19.13231141,1.31
1621844695349000,0,62.77175305,1.31
1621844695349000,0,156.92938263,1.31
1621844695349000,0,143.06567254,1.31
1621844698899000,1,59.32105263,1.31
1621844793746000,1,62.91012367,1.30
1621844795802000,1,37.08987633,1.30
1621844889437000,1,80.00000000,1.29
1621844991550000,1,63.60682084,1.29
1621844991552000,1,222.72045043,1.29
1621844991570000,1,159.01705209,1.29
1621845199333000,1,417.53890108,1.28
1621845323584000,0,80.00000000,1.30
1621845475916000,0,282.37779000,1.30
1621845479863000,1,211.97601500,1.30
1621845482962000,0,30.69697481,1.30
1621845501645000,1,5.64619500,1.30
1621845792440000,1,511.10577000,1.30
1621845792440000,1,631.50914742,1.30
1621845792440000,1,245.50913554,1.30
1621845882304000,0,63.01631981,1.30
1621845906707000,0,25.81965846,1.30
1621845906707000,0,62.92421551,1.31
1621846086184000,1,62.90708239,1.31
1621846087064000,1,229.21188733,1.31
1621846087360000,1,62.94663551,1.31
1621846087380000,1,157.35666755,1.31
1621846087992000,1,229.51992737,1.31
1621846088018000,1,189.02588194,1.31
1621846119009000,1,207.10755303,1.30
1621846119009000,1,630.92929860,1.30
1621846119009000,1,203.05618809,1.30
1621846161242000,0,63.12430826,1.30
1621846326117000,0,930.96808209,1.31
1621846326117000,0,100.00000000,1.31
1621846430318000,1,505.66518000,1.31
1621846430318000,1,132.33825000,1.31
1621846430318000,1,142.81634980,1.31
1621846529199000,1,150.00000000,1.31
1621846859792000,1,20.00000000,1.31
1621846866707000,0,15.30104812,1.31
1621846966385000,1,80.00000000,1.30
1621846982746000,0,63.18805442,1.30
1621846982873000,1,63.18805442,1.30
1621846984427000,0,40.00000000,1.30
1621847096088000,0,40.00000000,1.30
1621847468344000,1,63.57716300,1.29
1621847469489000,1,63.57716300,1.29
1621847470788000,1,63.57716300,1.29
1621847470800000,1,159.04169312,1.29
1621847472690000,1,222.76526362,1.29
1621847472702000,1,159.04169312,1.29
1621847472703000,1,63.57716300,1.29
1621847473853000,1,63.57716300,1.29
1621847473856000,1,159.00855732,1.29
1621847475005000,1,63.61949727,1.29
1621847475011000,1,159.00855732,1.29
1621847476215000,1,63.61949727,1.29
1621847476218000,1,159.00855732,1.29
1621847488555000,1,612.10396500,1.29
1621847496910000,0,40.78192418,1.29
1621847497043000,1,55.86503243,1.29
1621847498284000,1,221.27430674,1.29
1621847498943000,1,9196.33618567,1.29
1621847590648000,1,123.33560539,1.28
1621847738058000,0,216.41698091,1.29
1621847738058000,0,224.57276173,1.29
1621847738058000,0,2606.59242914,1.29
1621848129699000,1,100.00000000,1.29
1621848129699000,1,20.00000000,1.29
1621849478594000,0,250.04039114,1.30
1621850144687000,1,188.69157692,1.28
1621850315401000,1,150.00000000,1.27
1621850536963000,0,40.98804386,1.29
1621850771505000,1,231.09066223,1.28
1621850772012000,1,100.00000000,1.28
1621850772311000,1,231.00039796,1.28
1621850894060000,0,188.69156514,1.29
1621850898423000,0,188.89207000,1.30
1621851059920000,1,421.56946146,1.28
1621851059920000,1,208.30161536,1.28
1621851059920000,1,717.63930097,1.28
1621851145242000,1,100.00000000,1.28
1621851308184000,0,19.32636038,1.29
1621851387585000,1,1010.63278334,1.29
1621851561217000,0,20.00000000,1.29
1621851588236000,0,19.32636038,1.30
1621851660059000,0,38.40393256,1.30
1621851671209000,0,149.99998104,1.30
1621851681734000,0,0.00001896,1.30
1621851893763000,1,191.02843500,1.29
1621852036144000,1,100.00000000,1.29
1621852036144000,1,512.27568000,1.29
1621852036144000,1,209.06398159,1.29
1621852036144000,1,632.64606640,1.29
1621852036144000,1,225.98558997,1.29
1621852036144000,1,1405.61200201,1.29
1621852043080000,1,632.49687418,1.29
1621852043080000,1,138.89895581,1.29
1621852055385000,1,192.84895750,1.29
1621852059382000,1,48.21223937,1.29
1621852066217000,1,16.07074646,1.29
1621852214644000,1,229.52392856,1.29
1621852214700000,1,227.54822565,1.29
1621852215060000,1,229.51175137,1.29
1621852246879000,0,63.40785642,1.29
1621852246879000,0,100.00000000,1.29
1621852246879000,0,222.04108672,1.29
1621852247000000,1,63.40785642,1.29
1621852247007000,1,317.36259011,1.29
1621852252995000,0,158.77109576,1.29
1621852252995000,0,222.27953406,1.29
1621852253117000,1,63.55492458,1.29
1621852253124000,1,158.77109576,1.29
1621852258553000,0,63.54108209,1.29
1621852258553000,0,158.85270521,1.29
1621852258553000,0,222.39378729,1.29
1621852273308000,1,183.46102471,1.29
1621852424209000,1,926.00000000,1.27
1621852424209000,1,589.94917502,1.27
1621852674053000,1,180.29687905,1.28
1621853189575000,1,453.90056952,1.28
1621853189762000,0,78.21666015,1.28
1621853222877000,1,64.06026790,1.27
1621853692954000,0,15.43388509,1.30
1621853715665000,0,22.49137624,1.29
1621853855730000,0,19.29295189,1.30
1621853915737000,0,100.00000000,1.30
1621853915788000,0,229.75194030,1.30
1621853915789000,0,8.69574570,1.30
1621853916059000,0,229.57629477,1.30
1621853916207000,0,229.63235525,1.30
1621853916260000,0,89.48741081,1.30
1621853922830000,0,229.46847609,1.30
1621853922836000,0,229.46847609,1.30
1621853923810000,0,229.32658338,1.30
1621853926467000,0,96.48876221,1.30
1621853926726000,0,50.31178899,1.30
1621853944497000,0,0.00000001,1.30
1621853990484000,0,33.93816700,1.30
1621853990484000,0,19.29295189,1.30
1621854068996000,0,209.26123379,1.31
1621854087764000,0,20.00000000,1.31
1621854234943000,0,227.08496837,1.32
1621854234943000,0,224.74259094,1.32
1621854234943000,0,282.37779000,1.32
1621854234943000,0,53.00779421,1.32
1621854255452000,0,66.06183300,1.32
1621854340726000,1,223.98298729,1.32
1621854340726000,1,100.00000000,1.32
1621854340726000,1,223.76190387,1.32
1621854340726000,1,618.41696591,1.32
1621854340726000,1,349.78731794,1.32
1621854349879000,0,100.00000000,1.33
1621854366464000,1,100.00000000,1.32
1621854372893000,0,100.00000000,1.32
1621854447833000,0,211.79523603,1.32
1621854576378000,0,100.00000000,1.32
1621854576378000,0,130.60137205,1.32
1621854576662000,0,135.31760890,1.32
1621854591180000,0,226.34095357,1.32
1621854640895000,1,24.03396281,1.31
1621854858504000,1,100.95139021,1.31
1621854889942000,1,230.00818135,1.31
1621854889953000,1,230.00818135,1.31
1621854897138000,0,209.78125944,1.31
1621854897138000,0,224.15362536,1.31
1621854897138000,0,566.06511520,1.32
1621855425521000,0,15.39230769,1.33
1621855625532000,0,100.00000000,1.33
1621855676170000,0,141.16106897,1.33
1621855837082000,1,93.27672233,1.33
1621855929448000,1,20.00000000,1.33
1621855929448000,1,170.28536057,1.32
1621855929547000,1,29.71463943,1.32
1621855977822000,0,35.59678954,1.33
1621855988746000,0,26.48655977,1.33
1621855991706000,0,20.00000000,1.34
1621855998865000,0,57.68000000,1.35
1621855998865000,0,210.74290048,1.35
1621855998865000,0,498.67476000,1.35
1621855998865000,0,434.59344804,1.35
1621855998865000,0,100.00000000,1.35
1621855998865000,0,1683.72914767,1.35
1621856005279000,0,498.67476000,1.35
1621856005279000,0,214.12337823,1.35
1621856015919000,0,61.10887000,1.34
1621856015919000,0,115.46281365,1.35
1621856021575000,0,57.97058540,1.35
1621856107392000,1,60.89255059,1.35
1621856108533000,1,39.10744941,1.35
1621856121552000,1,60.92706845,1.34
1621856128291000,0,60.92735234,1.34
1621856137527000,1,60.92539799,1.34
1621856143727000,0,208.12339100,1.34
1621856156284000,1,60.73881929,1.35
1621856157894000,1,60.76577712,1.35
1621856183264000,1,60.83651441,1.35
1621856184440000,1,60.83590188,1.35
1621856189433000,1,60.88661585,1.35
1621856189434000,1,152.19102894,1.35
1621856206529000,1,60.98673493,1.34
1621856212490000,1,61.01331711,1.34
1621856214507000,1,213.57471781,1.34
1621856214510000,1,92.43833867,1.34
1621856214780000,0,23.01495973,1.34
1621856233909000,1,55.35970304,1.34
1621856234199000,1,44.64029696,1.34
1621856234199000,1,185.16946803,1.34
1621856443817000,0,200.00000000,1.35
1621856443817000,0,153.10620646,1.35
1621856708662000,0,221.83497100,1.34
1621856831751000,1,32.69943010,1.35
1621856832217000,1,67.30056990,1.35
1621857473439000,0,15.00000000,1.34
1621857487703000,0,25.00000000,1.34
1621857645982000,1,100.00000000,1.35
1621857703220000,0,18.59773107,1.34
1621858348596000,1,21.85142495,1.35
1621858402993000,1,221.70282643,1.35
1621858403125000,0,218.42301022,1.35
1621858403129000,0,59.87416335,1.35
1621858411014000,0,15.03335737,1.36
1621858427139000,0,200.00000000,1.37
1621858454162000,1,100.00000000,1.37
1621858460162000,1,104.68890806,1.37
1621858462099000,1,224.49263080,1.37
1621858462105000,1,155.57067114,1.37
1621858484260000,0,200.00000000,1.37
1621858484260000,0,1988.02567281,1.37
1621858503283000,1,100.00000000,1.37
1621858526583000,1,100.00000000,1.37
1621858604333000,1,225.71305195,1.36
1621858604350000,1,225.71305195,1.36
1621858750435000,0,244.39089064,1.37
1621859243235000,1,208.06718802,1.38
1621859272015000,0,57.93700798,1.38
1621859337983000,0,22.12548925,1.38
1621859451690000,0,14.71323529,1.39
1621859469769000,1,99.99999999,1.39
1621859470517000,1,0.00000001,1.39
1621859471082000,1,100.00000000,1.39
1621859551375000,1,22.13396339,1.38
1621859708979000,0,361.53028539,1.38
1621859803083000,0,80.00000000,1.39
1621859865728000,0,35.74517976,1.40
1621860010325000,0,17.87514568,1.40
1621860156981000,1,24.78957933,1.38
1621860159093000,1,217.87504929,1.38
1621860179105000,1,426.35750989,1.38
1621860311601000,0,18.29216334,1.38
1621860311601000,0,82.04657913,1.40
1621860353938000,1,100.00000000,1.38
1621860355110000,1,99.99999999,1.38
1621860424413000,1,360.72349367,1.38
1621860458307000,0,17.93554681,1.39
1621860518243000,1,75.52564085,1.37
1621860518723000,1,50.00000000,1.37
1621860584042000,0,154.06186696,1.39
1621860823213000,1,100.00000000,1.37
1621860986884000,0,111.89643000,1.38
1621860986884000,0,1151.82535181,1.38
1621861272555000,1,31.80593820,1.37
1621861272801000,1,19.13231141,1.37
1621861352253000,1,26.54322653,1.37
1621861352777000,1,31.81000573,1.37
1621861441240000,0,200.00000000,1.37
1621861441240000,0,165.24756380,1.37
1621861545252000,1,280.48316251,1.37
1621861811909000,0,100.00000000,1.35
1621861811909000,0,500.00000000,1.35
1621861919515000,1,60.58107885,1.35
1621861919515000,1,39.41892115,1.35
1621861951611000,0,50.00000000,1.35
1621861951877000,1,122.19109296,1.35
1621861978070000,0,60.65517936,1.35
1621861978070000,0,13.32897330,1.35
1621862055485000,0,60.22568972,1.36
1621862055485000,0,200.00000000,1.36
1621862055485000,0,1039.76713151,1.36
1621862067077000,1,60.37427732,1.36
1621862068731000,0,60.40871348,1.36
1621862068731000,0,90.61304982,1.36
1621862069013000,0,60.40873386,1.36
1621862072700000,1,60.45078259,1.36
1621862072701000,1,90.57098355,1.36
1621862186139000,1,426.65313264,1.35
1621862464837000,1,100.00000000,1.33
1621862464837000,1,613.35968035,1.33
1621862464837000,1,496.98000000,1.33
1621862464837000,1,220.44234324,1.33
1621862464837000,1,1533.74410737,1.33
1621862464837000,1,968.23453251,1.33
1621862465513000,1,496.67807000,1.33
1621862465513000,1,290.53507352,1.33
1621862465621000,1,280.48316251,1.33
1621862465717000,1,18.29216335,1.33
1621862486417000,0,100.00000000,1.34
1621862513417000,0,74.09493042,1.35
1621862549472000,1,99.99999999,1.34
1621862549531000,1,0.00000001,1.34
1621862562667000,0,426.65312040,1.35
1621862564956000,0,100.00000000,1.35
1621862622978000,0,60.20022041,1.36
1621862622978000,0,40.21061862,1.37
1621862636427000,1,99.99999999,1.36
1621862636939000,1,100.00000000,1.36
1621862637587000,1,114.38955634,1.36
1621862637632000,1,226.45757878,1.36
1621862637640000,1,59.83388598,1.36
1621862650694000,1,18.21307920,1.35
1621862674073000,0,200.00000000,1.36
1621862674509000,0,60.34256230,1.36
1621862725522000,1,60.09475495,1.37
1621862729301000,1,60.06672506,1.37
1621862731249000,1,60.06730980,1.37
1621862748227000,1,226.35301918,1.37
1621862748240000,1,60.04701424,1.37
1621862748494000,1,34.84183333,1.37
1621862751623000,1,60.04393068,1.37
1621862756512000,1,60.04334269,1.37
1621862761225000,1,60.03714082,1.37
1621862763631000,1,60.03696468,1.37
1621862824578000,0,85.12257651,1.37
1621862831977000,1,225.22171048,1.37
1621862833040000,1,82.43868116,1.37
1621862833040000,1,17.56131884,1.37
1621862838714000,1,86.48823921,1.37
1621862862103000,1,224.46229278,1.36
1621862912664000,1,226.76944224,1.36
1621863111160000,1,218.50697347,1.36
1621863115131000,0,8.88855668,1.36
1621863188716000,0,59.70101300,1.37
1621863188716000,0,149.29155756,1.37
1621863188716000,0,209.00818058,1.37
1621863213623000,1,926.00000000,1.37
1621863213623000,1,5000.00000000,1.37
1621863241854000,1,182.66099500,1.37
1621863260091000,1,15.00000000,1.37
1621863479116000,0,2920.00000000,1.37
1621863923952000,1,100.00000000,1.36
1621863970121000,0,18.14908383,1.38
1621864212149000,0,15.00000000,1.37
1621864267265000,1,207.58178209,1.36
1621864289436000,1,437.96894449,1.36
1621864293042000,1,223.98680239,1.36
1621864399232000,0,181.85100000,1.36
1621864425947000,0,75.00000000,1.36
1621864431865000,0,100.00000000,1.36
1621864431865000,0,47.20893259,1.36
1621864458011000,1,100.00000000,1.35
1621864458011000,1,926.00000000,1.35
1621864458011000,1,421.52559434,1.35
1621864646066000,1,442.53665189,1.36
1621864654130000,0,91.41793773,1.36
1621865202643000,1,100.00000000,1.36
1621866244685000,0,203.13620106,1.39
1621866258572000,1,223.01671816,1.38
1621866261589000,1,141.86656442,1.38
1621866432285000,1,100.00000000,1.38
1621866510400000,1,415.31357121,1.38
1621866815654000,1,926.00000000,1.37
1621866815654000,1,444.93798287,1.37
1621866971526000,1,225.20780489,1.35
1621866971541000,1,225.20780489,1.35
1621866972218000,1,225.34720842,1.35
1621866973032000,1,225.30419278,1.35
1621867041550000,1,926.00000000,1.35
1621867041550000,1,213.74674107,1.35
1621867146737000,1,100.00000000,1.35
1621867234685000,1,100.00000000,1.36
1621867390174000,1,99.99999999,1.36
1621867765019000,0,200.00000000,1.36
1621867765019000,0,166.46022823,1.36
1621868006934000,1,100.00000000,1.36
1621868070773000,0,177.12836400,1.36
1621868073760000,0,0.00000544,1.36
1621868073938000,1,177.22418456,1.37
1621868742950000,1,203.64084600,1.37
1621868790681000,1,222.03230236,1.38
1621868830306000,1,424.33588360,1.37
1621868902941000,1,435.16414321,1.36
1621868909437000,1,194.77507509,1.36
1621868917332000,1,225.40506315,1.35
1621868968742000,1,413.98879663,1.35
1621869084253000,0,200.00000000,1.36
1621869125860000,1,100.00000000,1.35
1621869194176000,1,100.00000000,1.36
1621869194176000,1,144.39089064,1.36
1621869329882000,0,25.00000000,1.37
1621869410630000,1,469.18627817,1.37
1621869619258000,1,433.32723955,1.36
1621869619258000,1,100.00000000,1.36
1621869619258000,1,1654.69843326,1.36
1621869741303000,0,206.33395362,1.37
1621869761398000,1,224.36106526,1.37
1621870027717000,0,99.99999999,1.38
1621870027788000,0,0.00000001,1.38
1621870252701000,0,86.86379894,1.39
1621870254051000,0,25.00000000,1.39
1621870269208000,0,206.72493209,1.39
1621870655264000,0,71.80812868,1.39
1621870730548000,0,35.89169322,1.39
1621870738219000,1,100.00000000,1.39
1621871099675000,1,202.76814715,1.38
1621871106298000,1,223.42919386,1.38
1621871207245000,1,141.98564505,1.37
1621871207344000,1,223.90253898,1.37
1621871207616000,1,223.90253898,1.37
1621871212299000,1,412.07340196,1.37
1621871212331000,1,224.00140519,1.37
1621871212423000,1,224.05561904,1.37
1621871267212000,0,59.88980854,1.37
1621871267212000,0,49.67369353,1.37
1621871341853000,1,224.24068162,1.37
1621871342280000,1,3100.00000000,1.37
1621871342280000,1,701.75931838,1.37
1621871342744000,1,214.85019630,1.37
1621871343798000,1,59.87303064,1.37
1621871345267000,1,59.86391610,1.37
1621871399739000,1,30.63815360,1.37
1621871419951000,1,222.09988104,1.37
1621871506301000,0,100.00000000,1.37
1621871519858000,1,100.00000000,1.37
1621871693906000,0,100.00000000,1.37
1621871724698000,1,223.78435484,1.37
1621871742603000,1,209.92986699,1.37
1621871896695000,0,38.70321001,1.38
1621871952394000,0,2740.00000000,1.38
1621871952930000,0,14.46000000,1.38
1621871966136000,1,181.52971637,1.39
1621872012873000,0,200.00000000,1.39
1621872059337000,0,50.00000000,1.40
1621872060159000,0,25.00000000,1.40
1621872086711000,1,221.25522970,1.40
1621872087014000,1,23.02172613,1.40
1621872089080000,1,135.88762744,1.40
1621872089451000,0,926.00000000,1.40
1621872133971000,1,204.41264514,1.41
1621872161246000,0,22.13396339,1.41
1621872161627000,1,203.74304128,1.41
1621872165315000,1,217.86849595,1.41
1621872165344000,0,220.02121566,1.41
1621872177221000,1,220.59153270,1.40
1621872190576000,1,22.23819692,1.40
1621872190641000,1,0.00000001,1.40
1621872192390000,1,100.00000000,1.40
1621872192390000,1,8.21423576,1.40
1621872211195000,1,135.88760491,1.40
1621872272394000,1,220.94607607,1.38
1621872272606000,1,51.52075385,1.38
1621872299562000,1,21.84172661,1.38
1621872314792000,1,136.57693705,1.38
1621872317607000,1,172.29333911,1.38
1621872353624000,1,59.65885559,1.37
1621872355500000,1,404.23928000,1.37
1621872376645000,1,211.59272075,1.37
1621872386660000,1,204.03377273,1.37
1621872388966000,1,201.53847119,1.37
1621872511764000,1,3091.00000000,1.37
1621872511764000,1,911.00000000,1.37
1621872577835000,0,75.86655582,1.38
1621872588564000,0,356.00000000,1.37
1621872673269000,1,204.32116783,1.38
1621872673276000,1,222.88729834,1.38
1621872743305000,1,15.00000000,1.37
1621872948886000,1,427.31614823,1.36
1621872949109000,1,100.00000000,1.35
1621872949109000,1,1149.81169779,1.35
1621873007957000,1,444.95573164,1.35
1621873055617000,1,224.70930562,1.35
1621873056148000,1,20.00000000,1.35
1621873074073000,1,224.19109729,1.35
1621873074448000,1,35.23277000,1.35
1621873074557000,1,183.08638474,1.35
1621873074666000,1,487.91476000,1.35
1621873076084000,1,3824.86568235,1.35
1621873081645000,1,501.79800000,1.34
1621873116113000,1,38.70321001,1.34
1621873173119000,1,18.66492835,1.34
1621873178363000,1,322.15106000,1.34
1621873185417000,1,87.94697000,1.34
1621873186522000,1,176.28973498,1.34
1621873192630000,1,111.79476600,1.34
1621873212908000,1,61.28048000,1.34
1621873241506000,1,61.15923986,1.34
1621873243583000,1,61.36963000,1.34
1621873245728000,1,153.46372212,1.34
1621873270062000,1,214.58343354,1.34
1621873283783000,1,146.48003400,1.34
1621873382367000,1,153.16798734,1.34
1621873413633000,1,20.00000000,1.34
1621873413633000,1,102.63704938,1.34
1621873413651000,1,153.39345916,1.34
1621873415608000,1,153.41319821,1.34
1621873416971000,1,58.02172000,1.34
1621873417510000,1,214.92460189,1.34
1621873417511000,1,61.40439041,1.34
1621873417514000,1,153.51097603,1.34
1621873418240000,1,60.30148612,1.34
1621873419518000,1,61.40439041,1.34
1621873420659000,1,61.40439041,1.34
1621873420659000,1,153.51097603,1.34
1621873420798000,1,214.77851000,1.34
1621873421747000,1,61.40439041,1.34
1621873421764000,1,30.82565454,1.34
1621873641950000,1,226.64843169,1.34
1621873847135000,1,15.00000000,1.35
1621873872778000,0,20.00000000,1.35
1621874021607000,1,90.00000000,1.34
1621874047586000,0,22.22370380,1.35
1621874099059000,0,28.55197546,1.34
1621874109422000,0,28.58958000,1.35
1621874123913000,1,226.99287816,1.34
1621874449193000,0,225.50933593,1.35
1621874466098000,0,227.80722141,1.35
1621874466139000,0,227.80722141,1.35
1621874466201000,0,134.52722907,1.35
1621874466220000,0,2737.92720232,1.35
1621874552439000,0,51.44600007,1.36
1621875074961000,1,20.00000000,1.36
1621875483948000,0,79.36809215,1.37
1621875796266000,1,35.31155000,1.37
1621875809819000,1,0.00000098,1.37
1621875868094000,1,19.24794431,1.36
1621875992022000,1,36.07114120,1.35
1621876691596000,0,20.00000000,1.37
1621876971731000,0,433.46483000,1.38
1621876971731000,0,200.00000000,1.38
1621876971731000,0,673.65755814,1.38
1621876997417000,1,148.62978261,1.38
1621877005988000,1,59.43685492,1.38
1621877005988000,1,148.59213729,1.38
1621877005998000,1,208.02899220,1.38
1621877007157000,1,59.39845497,1.38
1621877007170000,1,148.49613742,1.38
1621877008418000,1,59.39845497,1.38
1621877008418000,1,207.97480196,1.38
1621877008419000,1,148.49613742,1.38
1621877009534000,1,207.97480196,1.38
1621877009535000,1,148.49613742,1.38
1621877009545000,1,59.42940055,1.38
1621877011508000,1,59.42940055,1.38
1621877191877000,0,350.00000000,1.39
1621877284748000,1,479.77732000,1.38
1621877284748000,1,520.22268000,1.38
1621877506094000,1,480.25261000,1.38
1621877508763000,1,221.78817902,1.38
1621877508782000,1,221.78817902,1.38
1621877508785000,1,142.20110976,1.38
1621877509047000,1,221.96371293,1.38
1621877915721000,1,4.87160024,1.38
1621877915721000,1,28.62496119,1.38
1621877953345000,1,213.69962596,1.38
1621878304978000,1,100.00000000,1.39
1621878463020000,1,208.37914513,1.40
1621878463020000,1,204.63861660,1.40
1621878463020000,1,2230.51240241,1.39
1621878733338000,0,71.37758744,1.40
1621878733953000,0,350.49350333,1.40
1621878736902000,0,419.86930000,1.41
1621879062593000,0,14.45287107,1.41
1621879524490000,0,216.13099646,1.42
1621879650332000,1,145.02000356,1.41
1621879782844000,1,59.12496963,1.41
1621879865403000,1,92.50841697,1.41
1621879865425000,1,7.49158303,1.41
1621879927269000,0,35.31155098,1.40
1621879927269000,0,0.31442076,1.41
1621880361565000,0,150.00000000,1.40
1621880370648000,1,145.78533768,1.41
1621880417091000,0,35.43787032,1.41
1621880501099000,0,145.66217181,1.40
1621880501099000,0,100.00000000,1.41
1621880501099000,0,647.28510292,1.41
1621880561903000,1,474.84642441,1.40
1621880566916000,1,401.70098569,1.40
1621880610841000,1,100.00000000,1.40
1621880730885000,1,100.00000000,1.40
1621880971070000,1,145.02420531,1.41
1621880975641000,0,178.57500000,1.41
1621880975641000,0,100.00000000,1.42
1621881027998000,1,50.00000000,1.42
1621881028088000,0,14.14000000,1.42
1621881043824000,1,99.99999999,1.42
1621881049030000,0,22.23819693,1.42
1621881049030000,0,2.88691116,1.42
1621881128076000,1,35.62597174,1.42
1621881197695000,1,50.00000000,1.42
1621881211051000,1,144.53372236,1.42
1621881255121000,1,220.26113635,1.42
1621881331090000,1,79.73886365,1.42
1621881331090000,1,64.53628694,1.42
1621881347282000,0,472.21802000,1.42
1621881347282000,0,147.11300000,1.42
1621881347282000,0,267.18195296,1.42
1621881398544000,1,100.00000000,1.42
1621881451186000,1,144.62569655,1.42
1621881748687000,1,100.00000000,1.41
1621881811389000,1,145.29983109,1.41
1621881931346000,1,145.29983109,1.41
1621882171455000,1,145.18338817,1.41
1621882227224000,1,154.10254873,1.42
1621882227721000,1,65.10121000,1.42
1621882581164000,1,100.00000000,1.40
1621882581203000,1,22.47682134,1.40
1621882929207000,0,93.67337276,1.41
1621883198768000,0,24.20457865,1.42
1621883201441000,0,200.00000000,1.42
1621883201441000,0,21.41153651,1.42
1621883202109000,0,78.58846349,1.42
1621883257161000,1,100.00000000,1.42
1621883257161000,1,54.06186696,1.42
1621883264308000,0,22.47682134,1.42
1621883264308000,0,100.00000000,1.42
1621883264308000,0,0.96279236,1.43
1621883368060000,0,35.08771929,1.43
1621883408669000,1,15.00000000,1.42
1621883408669000,1,205.24803012,1.42
1621883410065000,1,220.17157262,1.42
1621883412307000,1,74.58039726,1.42
1621883597729000,1,15.00000000,1.42
1621883720944000,1,79.36809215,1.41
1621883747098000,0,35.33793668,1.41
1621884128994000,1,48.00000000,1.41
1621884230874000,1,22.77814201,1.41
1621884465178000,0,371.54994000,1.41
1621884465178000,0,95.03480749,1.41
1621884628262000,0,3091.00000000,1.42
1621884628262000,0,100.00000000,1.42
1621884628262000,0,330.61740220,1.42
1621884904517000,1,467.65981500,1.41
1621884911690000,1,2032.34018500,1.41
1621884918736000,0,100.00000000,1.41
1621884918736000,0,607.98535887,1.41
1621884973398000,1,77.65152377,1.40
1621884974526000,1,82.16271594,1.40
1621885095836000,1,58.63576029,1.40
1621885447353000,0,469.15573000,1.41
1621885449049000,0,158.68800000,1.41
1621885449049000,0,310.61412000,1.41
1621885449425000,0,349.49158790,1.41
1621885458018000,1,222.29734955,1.42
1621885484004000,1,100.00000000,1.42
1621885484004000,1,204.24609847,1.42
1621885486819000,0,227.57266299,1.42
1621885486828000,0,227.57266299,1.42
1621885486932000,0,227.35388359,1.42
1621885487426000,0,227.01872889,1.42
1621885487447000,0,1.48206154,1.42
1621885491057000,1,54.40633691,1.42
1621885491080000,1,226.03284266,1.42
1621885491084000,1,226.03284266,1.42
1621885491122000,1,150.02092127,1.42
1621885555793000,0,200.00000000,1.42
1621885555793000,0,27.38652835,1.42
1621885560947000,0,464.23221000,1.42
1621885561689000,0,227.89199197,1.42
1621885561722000,0,218.87579803,1.42
1621885561722000,0,9.01619394,1.43
1621885561807000,0,34.93329441,1.43
1621885617543000,1,100.00000000,1.42
1621885619727000,1,35.68275756,1.41
1621885619732000,1,226.12237939,1.41
1621885637148000,0,14.14487177,1.41
1621885683553000,1,100.00000000,1.42
1621885870081000,0,22.77814201,1.43
1621885888109000,0,13.97057796,1.43
1621885956597000,0,100.00000000,1.43
1621885956597000,0,911.00000000,1.43
1621885956597000,0,213.34000764,1.43
1621885956597000,0,206.79394015,1.43
1621885956597000,0,3091.00000000,1.43
1621885956597000,0,442.20945426,1.43
1621885956597000,0,82.91346466,1.44
1621885956597000,0,647.73835232,1.44
1621885959002000,1,221.32068047,1.43
1621885959002000,1,218.40104075,1.43
1621885988323000,0,578.31535588,1.43
1621886000717000,1,124.99999999,1.43
1621886000722000,1,0.00000001,1.43
1621886120134000,1,208.39010692,1.43
1621886120134000,1,205.15894300,1.43
1621886120134000,1,100.00000000,1.42
1621886120134000,1,447.89046777,1.42
1621886120134000,1,22.99576535,1.41
1621886120134000,1,3091.00000000,1.41
1621886120134000,1,911.00000000,1.41
1621886120134000,1,708.55993599,1.41
1621886175917000,1,100.00000000,1.42
1621886291861000,1,226.32217824,1.42
1621886292011000,1,226.31669712,1.42
1621886332240000,1,226.39329186,1.43
1621886359408000,1,112.13581168,1.43
1621886374135000,1,143.39054467,1.43
1621886456339000,1,65.81364297,1.43
1621886507190000,0,200.00000000,1.44
1621886507190000,0,760.06937430,1.44
1621886580263000,1,111.39860100,1.43
1621886776472000,1,100.00000000,1.43
1621886801957000,0,13.96121574,1.43
1621887065234000,1,675.00000000,1.43
1621887325376000,1,225.06404313,1.43
1621887325632000,1,81.32922919,1.43
1621887376475000,1,34.66966474,1.43
1621887484306000,0,911.00000000,1.44
1621887484306000,0,829.67175870,1.44
1621887634155000,1,210.62175513,1.43
1621887640276000,1,202.21053498,1.43
1621887640276000,1,53.22352502,1.43
1621887709856000,1,200.00000000,1.44
1621887721087000,0,22.99576534,1.44
1621887721102000,0,0.00000001,1.44
1621887794611000,0,100.72102360,1.44
1621887826533000,1,100.00000000,1.43
1621888117256000,1,200.00000000,1.43
1621888263096000,1,23.17391121,1.43
1621888313073000,0,824.62155340,1.42
1621888313317000,1,30.00000000,1.42
1621888557323000,0,42.93862298,1.42
1621888616151000,0,14.01266745,1.43
1621889012182000,0,20.99260734,1.43
1621889059629000,1,223.62242499,1.42
1621889059655000,1,223.62242499,1.42
1621889060622000,1,223.85707179,1.42
1621889063264000,1,37.35582469,1.42
1621889504159000,1,93.67337276,1.43
1621889653456000,1,28.59655382,1.44
1621889653560000,1,71.40344618,1.44
1621889910369000,1,203.83346229,1.43
1621889910369000,1,100.00000000,1.43
1621889910369000,1,162.75128520,1.43
1621890235145000,0,15.00000000,1.44
1621890239371000,0,2.70074414,1.44
1621890239371000,0,14.16767561,1.44
1621890239371000,0,104.29955766,1.44
1621890240668000,0,14.19602001,1.44
1621890271231000,1,221.11309004,1.44
1621890271231000,1,215.48403728,1.44
1621890271231000,1,438.30942011,1.44
1621890271231000,1,2400.00000000,1.44
1621890271231000,1,460.20080000,1.44
1621890271231000,1,100.00000000,1.42
1621890271231000,1,3091.00000000,1.42
1621890271231000,1,911.00000000,1.42
1621890271231000,1,4261.31107717,1.42
1621890668790000,0,17.29744689,1.45
1621890688347000,0,82.84609842,1.44
1621890757829000,1,458.93563000,1.44
1621890787952000,0,156.23808010,1.44
1621890788284000,1,459.13048000,1.44
1621890788284000,1,272.86952000,1.44
1621891235259000,0,5.87646432,1.45
1621891235259000,0,100.00000000,1.45
1621891235259000,0,95.00469926,1.45
1621891261945000,0,40.00000000,1.45
1621891346221000,1,82.84609842,1.44
1621891401981000,0,100.00000000,1.45
1621891401981000,0,207.86362348,1.45
1621891402214000,1,378.25325721,1.45
1621891974597000,1,23.38042954,1.43
1621891975160000,1,218.41360733,1.43
1621891975160000,1,206.04302489,1.43
1621891975160000,1,100.00000000,1.43
1621891975160000,1,436.11482000,1.43
1621891975160000,1,909.26600000,1.42
1621891975160000,1,400.16254778,1.42
1621892077237000,0,75.00000000,1.43
1621892437735000,1,100.00000000,1.43
1621892495312000,1,100.00000000,1.41
1621892495312000,1,123.59701270,1.41
1621892495322000,1,223.59701270,1.41
1621892495373000,1,152.80597460,1.41
1621892495805000,1,15.00000000,1.40
1621892495860000,1,457.57142000,1.40
1621892495860000,1,100.00000000,1.40
1621892495860000,1,402.49795430,1.40
1621892496519000,1,17.93554681,1.40
1621892496558000,1,82.06445319,1.40
1621892496558000,1,17.93554681,1.40
1621892529615000,1,205.79285573,1.40
1621892656067000,1,42.03006233,1.40
1621892656932000,1,53.22736090,1.40
1621892657012000,1,224.78040156,1.40
1621892657078000,1,200.72644431,1.40
1621892657207000,1,75.78939025,1.40
1621892657225000,1,224.85813956,1.40
1621892672345000,1,434.13366252,1.40
1621892788452000,0,64.14000000,1.40
1621892788452000,0,225.21089866,1.41
1621892788452000,0,3091.00000000,1.41
1621892788452000,0,410.51335823,1.41
1621892788452000,0,224.27534296,1.41
1621892788452000,0,204.73382117,1.41
1621892788452000,0,8001.93803120,1.41
1621892824750000,1,212.05475188,1.41
1621892861749000,1,20.99260734,1.40
1621893086446000,1,209.00126232,1.41
1621893311337000,1,425.99476499,1.40
1621893311617000,1,100.00000000,1.40
1621894216813000,0,50.38140855,1.41
1621895190295000,0,6775.07095333,1.41
1621895331683000,1,405.50545166,1.41
1621895361212000,1,100.00000000,1.40
1621897076813000,0,484.81167000,1.38
1621897076813000,0,173.39200000,1.38
1621897076813000,0,222.25059719,1.38
1621897076813000,0,216.94955687,1.38
1621897076937000,1,2541.96574115,1.38
1621897076937000,1,223.69669103,1.37
1621897076937000,1,207.71194795,1.37
1621897076937000,1,264.34584000,1.37
1621897076937000,1,483.83657000,1.37
1621897076937000,1,2680.00000000,1.37
1621897076937000,1,100.00000000,1.36
1621897076937000,1,3091.00000000,1.36
1621897076937000,1,449.57402089,1.36
1621897076937000,1,1632.82391898,1.35
1621897076995000,1,3000.00000000,1.35
1621897588396000,0,186.76792000,1.38
1621897809003000,1,100.00000000,1.39
1621897928480000,0,186.57761000,1.39
1621898008007000,1,100.00000000,1.39
1621898170675000,0,28.73212323,1.39
1621898228099000,1,100.00000000,1.38
1621898316142000,1,218.03748052,1.38
1621898444325000,1,224.36817815,1.39
1621898444325000,1,215.11079459,1.39
1621898444464000,0,424.41322651,1.39
1621898444813000,0,187.97603000,1.39
1621898470178000,1,100.00000000,1.38
1621898488311000,1,479.30520000,1.38
1621898488311000,1,222.88508945,1.38
1621898519508000,1,1667.27356599,1.38
1621898599586000,0,100.00000000,1.38
1621899361521000,0,476.31117000,1.40
1621899361521000,0,225.29065923,1.40
1621899395836000,0,208.41176621,1.40
1621899395836000,0,219.06233174,1.40
1621899395836000,0,445.73152996,1.40
1621899395836000,0,1780.00000000,1.41
1621899398922000,1,187.95174000,1.41
1621899400042000,1,39.66055527,1.41
1621900280748000,0,100.00000000,1.41
1621900629161000,1,100.00000000,1.42
1621900629172000,1,116.19807693,1.42
1621900633307000,1,221.89484656,1.42
1621900633429000,1,77.90440416,1.42
1621900907065000,1,468.32412000,1.41
1621900907310000,1,120.88091000,1.41
1621901015335000,0,201.98631566,1.44
1621901024720000,1,100.00000000,1.43
1621901906494000,0,221.32697844,1.44
1621901908151000,0,463.19967886,1.44
1621902005228000,0,23.38042954,1.45
1621902018801000,1,0.00000046,1.45
1621902108326000,0,17.29744689,1.45
1621902314320000,0,14.02291601,1.46
1621902324467000,0,13.94843054,1.47
1621902329899000,1,0.09131946,1.47
1621902406991000,1,23.38291862,1.45
1621902877432000,0,171.33732206,1.46
1621902978683000,1,100.00000000,1.46
1621903342945000,1,27.63602533,1.46
1621903520653000,0,27.44802031,1.46
1621903676632000,0,100.00000000,1.47
1621903676632000,0,125.14807932,1.47
1621903676632000,0,203.59643000,1.47
1621903676632000,0,13.92368069,1.47
1621903676632000,0,16.59601834,1.47
1621903676632000,0,13.83406041,1.48
1621903676632000,0,23.38291862,1.48
1621903676632000,0,506.51881262,1.48
1621904521617000,1,43.64533000,1.47
1621904538427000,1,100.00000000,1.47
1621904550170000,0,100.00000000,1.48
1621904550170000,0,118.99803872,1.48
1621904550227000,0,218.99803872,1.48
1621904550229000,0,62.00392256,1.48
1621904559403000,1,100.00000000,1.48
1621904565049000,1,100.00000000,1.48
1621904605051000,1,68.99689343,1.48
1621904605439000,1,31.00310657,1.48
1621904911048000,1,23.60693595,1.46
1621905124452000,1,35.33793668,1.44
1621906214388000,1,407.40849629,1.42
1621906738949000,0,226.36112215,1.41
1621907065782000,1,227.63908385,1.39
1621907065837000,1,227.63908385,1.39
1621907781365000,1,38.71081271,1.40
1621908008382000,1,165.85244268,1.40
1621908528533000,0,64.53950058,1.39
1621911218078000,1,50.00000000,1.35
1621911218219000,1,41.64435000,1.34
1621911218219000,1,14.05495050,1.34
1621911218270000,1,27.84965025,1.34
1621911218342000,1,13.79469975,1.34
1621911218404000,1,492.99978000,1.34
1621911218404000,1,44.30069950,1.34
1621911218404000,1,909.26600000,1.34
1621911218404000,1,2135.85327291,1.33
1621911220180000,1,215.51613443,1.35
1621911857513000,0,21.65407246,1.34
1621911862952000,0,65.03019793,1.34
1621911945016000,0,17.27102748,1.33
1621912064871000,1,75.43961370,1.32
1621912205527000,1,100.00000000,1.32
1621912205829000,1,225.26474250,1.31
1621912205829000,1,452.92085979,1.31
1621912205829000,1,507.60841000,1.30
1621912205829000,1,328.21419260,1.30
1621912213892000,0,112.33647211,1.32
1621912219651000,0,19.73404578,1.32
1621912261988000,0,185.66299500,1.32
1621912271754000,0,100.00000000,1.33
1621912271754000,0,85.75618000,1.33
1621912328436000,1,100.00000000,1.33
1621912458524000,1,100.00000000,1.32
1621912759223000,1,100.00000000,1.32
1621912935874000,1,99.99999999,1.33
1621913552223000,1,100.00000000,1.33
1621913773689000,1,235.18643815,1.33
1621913773841000,1,63.10988257,1.33
1621914692718000,0,496.55766000,1.34
1621914692718000,0,200.00000000,1.34
1621914692718000,0,173.26557326,1.34
1621914846739000,1,40.65544283,1.34
1621915202995000,1,15.00000000,1.35
1621916165647000,1,232.47084345,1.34
1621916165729000,1,67.52915655,1.34
1621916248685000,1,455.26721566,1.34
1621916260015000,1,2420.00000000,1.33
1621916334436000,1,446.51028495,1.33
1621916334870000,1,217.41130709,1.32
1621916334870000,1,93.40423935,1.32
1621916376810000,1,39.75500586,1.32
1621916416528000,1,234.21404445,1.32
1621916416604000,1,234.19083041,1.32
1621916416638000,1,42.80991524,1.32
1621916556208000,1,235.34944344,1.31
1621918193200000,0,19.73404578,1.35
1621918990330000,1,177.08284375,1.34
1621918996556000,1,109.22139762,1.34
1621919099711000,1,109.34820400,1.33
1621919252719000,0,18.85725061,1.33
1621919340205000,1,200.00000000,1.33
1621919358591000,1,200.00000000,1.32
1621920628102000,1,144.77546513,1.34
1621920939309000,1,464.93657989,1.32
1621920975425000,1,25.00000000,1.32
1621920975425000,1,125.00000000,1.32
1621921021215000,1,152.97769200,1.32
1621921039944000,0,116.50072080,1.33
1621921283502000,1,40.00000000,1.33
1621921764143000,0,14.86182220,1.35
1621921953957000,1,116.50072080,1.34
1621922916936000,0,18.85725000,1.36
1621922917218000,0,0.00000061,1.36
1621922917218000,0,17.27102748,1.36
1621922917218000,0,159.95000000,1.36
1621922917218000,0,454.46674076,1.36
1621922917218000,0,211.41692046,1.36
1621922917218000,0,221.40997113,1.36
1621922917218000,0,65.03019793,1.36
1621922917218000,0,191.90488507,1.37
1621923005742000,0,80.00000000,1.36
1621923881920000,0,21.65407246,1.37
1621923881920000,0,0.01533754,1.38
1621924166245000,0,100.00000000,1.38
1621924166245000,0,484.74380000,1.38
1621924166245000,0,37.52826283,1.39
1621924166245000,0,228.12148311,1.39
1621924166245000,0,396.87215567,1.39
1621924323368000,0,71.97040576,1.39
1621924511818000,1,14.86182220,1.38
1621924723596000,0,100.00000000,1.39
1621924723596000,0,0.44050019,1.39
1621924840761000,1,214.50253000,1.39
1621924911086000,1,100.00000000,1.39
1621924911086000,1,213.42809078,1.39
1621924917327000,1,50.38140855,1.39
1621925015502000,0,25.00000000,1.39
1621925080902000,1,100.00000000,1.38
1621925367059000,1,206.32916102,1.39
1621925372235000,1,224.06788423,1.39
1621925527737000,1,100.00000000,1.39
1621925715057000,0,180.47600000,1.40
1621925715057000,0,477.79371000,1.40
1621925715057000,0,54.07209008,1.41
1621925715262000,0,211.15818000,1.41
1621925715262000,0,143.59413769,1.41
1621925723027000,1,101.55687899,1.40
1621925725264000,1,198.44312101,1.40
1621925821778000,1,20.21227000,1.40
1621925848413000,1,218.32397078,1.40
1621925956398000,1,100.00000000,1.40
1621925956398000,1,431.88710339,1.40
1621925987687000,0,100.00000000,1.40
1621925987687000,0,217.34625042,1.41
1621925987687000,0,218.98521032,1.41
1621925987687000,0,80.66848698,1.42
1621925987687000,0,1502.93010761,1.42
1621926222157000,1,100.00000000,1.40
1621926222157000,1,222.76996858,1.40
1621926222236000,1,205.89984266,1.40
1621926222236000,1,474.08641000,1.39
1621926222236000,1,165.84949700,1.39
1621926222236000,1,402.16425034,1.39
1621926530407000,0,100.00000000,1.40
1621926530407000,0,474.96307000,1.40
1621926530407000,0,219.85481771,1.40
1621926530407000,0,205.20530043,1.40
1621926530407000,0,425.50733583,1.40
1621926537421000,1,99.99999999,1.40
1621926961545000,0,50.41780436,1.40
1621926961545000,0,199.58219564,1.40
1621926961967000,1,100.00000000,1.39
1621926961967000,1,30.09461404,1.39
1621927164507000,1,80.00000000,1.39
1621927384584000,1,227.77338129,1.39
1621928082411000,1,171.33732206,1.37
1621928884917000,1,226.74117134,1.39
1621928923435000,0,166.04573484,1.40
1621929520387000,0,77.36406029,1.40
1621929692577000,0,35.58870841,1.40
1621929715020000,0,227.04465547,1.40
1621929715442000,0,227.09463692,1.40
1621929715569000,0,53.21745270,1.40
1621929718222000,1,100.00000000,1.40
1621929718222000,1,126.87642740,1.40
1621929718223000,1,226.87642740,1.40
1621929718349000,0,435.18838114,1.40
1621929720791000,0,100.00000000,1.40
1621929720791000,0,335.65103000,1.40
1621929723433000,1,35.78213026,1.40
1621929744641000,0,226.99475974,1.40
1621929744646000,0,226.99475974,1.40
1621929744732000,0,226.99475974,1.40
1621929744736000,0,35.31222872,1.40
1621929754027000,0,33.64832891,1.41
1621929801890000,1,100.00000000,1.41
1621930239917000,0,429.27666881,1.40
1621930775829000,1,15.00000000,1.37
1621931046235000,1,150.52919708,1.37
1621931431600000,1,100.91738581,1.38
1621931553143000,0,14.41971463,1.39
1621931571784000,1,49.08261419,1.38
1621931572891000,1,100.00000000,1.38
1621931586102000,0,21.67598734,1.38
1621931639696000,0,71.99527710,1.39
1621932305708000,0,113.29126441,1.37
1621932417682000,1,77.36406029,1.36
1621932499615000,0,14.64471911,1.37
1621933006260000,1,88.11531198,1.35
1621933258186000,0,75.50544665,1.36
1621933293632000,0,163.76544524,1.36
1621933686632000,0,181.32098357,1.36
1621933713041000,1,211.39634685,1.36
1621933713041000,1,153.85121695,1.35
1621933784284000,0,18.37721813,1.36
1621933977388000,0,20.00000000,1.37
1621934019960000,1,100.00000000,1.36
1621934036921000,0,17.98455852,1.37
1621934152828000,0,164.26000000,1.36
1621934152828000,0,19.77448238,1.36
1621934492307000,1,100.00000000,1.35
1621934492307000,1,14.00000000,1.35
1621934714469000,1,100.00000000,1.35
1621934795058000,1,15.00000000,1.35
1621934795360000,1,150.00000000,1.35
1621934796489000,1,220.21937751,1.35
1621935217423000,0,19.30903366,1.35
1621935285363000,1,180.00000000,1.34
1621935293541000,0,51.49253731,1.34
1621935878448000,0,14.77857992,1.35
1621936221946000,1,449.26692026,1.33
1621936226827000,1,2550.00000000,1.33
1621936281337000,1,17.00000000,1.33
1621936556002000,0,37.48294525,1.33
1621936562683000,0,15.74283701,1.33
1621936697767000,1,49.66156689,1.33
1621936866491000,1,102.01358172,1.32
1621936866643000,1,84.42632756,1.32
1621936905548000,1,0.00000001,1.32
1621936909947000,0,17.38473167,1.32
1621936910934000,1,75.75757576,1.32
1621936956832000,1,501.79897000,1.31
1621936956832000,1,100.00000000,1.31
1621936956832000,1,213.95242829,1.31
1621936956832000,1,226.44414835,1.31
1621936956832000,1,407.86591384,1.31
1621936978599000,1,234.48568850,1.31
1621936978601000,1,234.48568850,1.31
1621936978604000,1,34.51263300,1.31
1621936978604000,1,75.67175572,1.31
1621936978604000,1,17.00000000,1.31
1621936979066000,1,81.10453846,1.31
1621937089941000,0,76.06760889,1.31
1621937102017000,0,47.16191751,1.31
1621937103969000,1,99.99999999,1.30
1621937133842000,0,38.27897718,1.31
1621937141165000,0,15.31924667,1.31
1621937200473000,1,15.00000000,1.30
1621937200473000,1,25.00000000,1.30
1621937200473000,1,195.13466858,1.30
1621937200694000,1,804.86533142,1.30
1621937200694000,1,81.40008140,1.30
1621937200694000,1,108.09293023,1.30
1621937200694000,1,431.17218092,1.30
1621937337383000,0,16.16926915,1.30
1621937381114000,1,25.12510809,1.29
1621937381426000,1,179.90444750,1.29
1621937542449000,1,100.00000000,1.28
1621937601810000,0,19.39232219,1.29
1621937609730000,0,38.78464438,1.29
1621937613122000,0,15.52072016,1.29
1621937712683000,1,20.00000000,1.28
1621937712683000,1,100.00000000,1.28
1621937745147000,1,217.49419403,1.28
1621937746275000,0,15.63794370,1.28
1621937748853000,0,15.67432497,1.28
1621937981905000,0,19.37143565,1.29
1621938015995000,0,451.79592588,1.29
1621938023525000,0,18.76522000,1.29
1621938038287000,0,195.90800000,1.29
1621938038287000,0,370.78192248,1.29
1621938075255000,1,100.00000000,1.29
1621938136881000,1,99.99999999,1.29
1621938192268000,0,18.81708000,1.29
1621938204867000,0,81.60465116,1.29
1621938288189000,0,200.00000000,1.29
1621938288189000,0,990.04169999,1.29
1621938416194000,0,77.66628351,1.29
1621938472127000,1,100.00000000,1.28
1621938472127000,1,455.21495174,1.28
1621938539141000,1,100.00000000,1.27
1621938539141000,1,100.88116358,1.27
1621938539463000,1,75.00000000,1.27
1621938539835000,0,19.57069718,1.28
1621938743376000,1,100.00000000,1.27
1621938743376000,1,137.06886231,1.27
1621938743475000,1,237.05433634,1.27
1621938743615000,1,64.97099655,1.27
1621938759321000,1,423.40933000,1.27
1621938759524000,1,514.67334000,1.27
1621938765561000,1,500.00200000,1.27
1621938775051000,1,100.00000000,1.27
1621938775051000,1,415.13196000,1.27
1621938806072000,1,214.24106246,1.27
1621938807891000,1,168.21917583,1.27
1621938808225000,1,168.21917583,1.27
1621938808249000,1,168.21917583,1.27
1621938808301000,1,158.44125100,1.27
1621938808394000,1,168.21917583,1.27
1621938808652000,1,502.09476900,1.27
1621938809222000,1,168.28440200,1.27
1621938814374000,1,234.68712554,1.27
1621938817972000,1,515.13196000,1.27
1621938818091000,1,66.05073790,1.27
1621938869611000,1,32.95719000,1.27
1621938938911000,0,19.39533115,1.29
1621938985173000,1,20.00000000,1.27
1621939004213000,1,500.00000000,1.26
1621939004213000,1,20.00000000,1.26
1621939013440000,1,20.00000000,1.26
1621939410229000,1,457.84032910,1.26
1621939445359000,1,100.00000000,1.27
1621939445359000,1,100.00000000,1.27
1621939453220000,0,200.00000000,1.27
1621939453220000,0,23.51581052,1.28
1621939507011000,1,40.00000000,1.26
1621939689650000,0,686.11688069,1.27
1621939736650000,0,180.60100000,1.29
1621939736650000,0,459.87676091,1.29
1621939736650000,0,194.22944117,1.29
1621939736650000,0,206.29426713,1.29
1621939736650000,0,88.11531198,1.30
1621939736650000,0,420.59797647,1.30
1621940012232000,1,100.00000000,1.28
1621940498380000,1,100.00000000,1.29
1621940498380000,1,218.75501197,1.29
1621940498380000,1,229.05939734,1.29
1621940499403000,0,199.99998736,1.29
1621940499444000,0,0.00001264,1.29
1621940499444000,0,223.06428253,1.29
1621940499703000,0,232.57842858,1.29
1621940500508000,0,26.00000000,1.29
1621940510035000,0,41.90904475,1.29
1621940524224000,0,511.50472000,1.29
1621940524415000,0,116.48594573,1.29
1621940524464000,0,104.21941860,1.29
1621940524465000,0,116.43438759,1.29
1621940524556000,0,116.44691472,1.29
1621940524593000,0,31.53527288,1.29
1621940535047000,0,100.00000000,1.30
1621940535047000,0,15.63794370,1.31
1621940535047000,0,15.67432497,1.31
1621940535047000,0,911.00000000,1.31
1621940535047000,0,29.87472390,1.31
1621940535047000,0,38.78464438,1.31
1621940535047000,0,343.01579159,1.32
1621940535078000,1,31.55640000,1.30
1621940562510000,0,57.63733054,1.30
1621940842560000,1,100.00000000,1.29
1621940939113000,0,37.06563707,1.29
1621941171661000,1,100.00000000,1.29
1621941171661000,1,395.20689098,1.29
1621941255317000,1,100.00000000,1.28
1621941296133000,1,125.27089189,1.28
1621941446333000,0,78.68195000,1.30
1621941446333000,0,200.00000000,1.30
1621941446333000,0,182.22400471,1.30
1621941532253000,1,454.84667982,1.28
1621941561074000,1,49.14293749,1.27
1621941940530000,1,0.85706251,1.27
1621941940530000,1,100.00000000,1.27
1621941940530000,1,217.96651644,1.27
1621941940530000,1,119.67269179,1.27
1621942216309000,1,100.00000000,1.28
1621942305112000,0,15.63574420,1.28
1621942310366000,0,15.64087733,1.28
1621942319461000,1,100.00000000,1.27
1621942377715000,0,39.17298004,1.28
1621942478600000,1,237.70061863,1.26
1621942772199000,1,100.00000000,1.27
1621942773889000,1,100.00000000,1.27
1621943491605000,1,442.92020016,1.27
1621943702742000,0,19.60153989,1.28
1621943818097000,1,25.00000000,1.26
1621943861826000,1,29.82263000,1.25
1621943919101000,1,20.17737000,1.25
1621943919101000,1,50.00000000,1.25
1621943919101000,1,168.86311800,1.25
1621943925141000,1,237.19462370,1.25
1621943948427000,1,179.88528968,1.25
1621943987996000,1,202.29345647,1.25
1621944042619000,1,161.43573600,1.25
1621944065883000,1,50.32777615,1.25
1621944163093000,0,19.65980670,1.27
1621944167295000,0,32.24208300,1.27
1621944700995000,0,50.00000000,1.26
1621944701100000,1,525.58591000,1.25
1621944701100000,1,238.51975261,1.25
1621944701100000,1,225.86929122,1.25
1621944701100000,1,317.14743431,1.25
1621945043556000,1,100.00000000,1.27
1621945043556000,1,41.16106897,1.27
1621945168799000,1,341.82207700,1.27
1621945436569000,1,184.58860859,1.27
1621945597861000,1,26.05856136,1.26
1621945597865000,1,26.05856136,1.26
1621945597929000,1,26.05856136,1.26
1621945598113000,1,21.82431592,1.26
1621945843879000,1,326.97538000,1.26
1621945928790000,0,15.91784135,1.26
1621945930242000,0,15.92088094,1.26
1621945995261000,0,19.89115559,1.26
1621946001915000,1,240.54068164,1.25
1621946059927000,1,100.00000000,1.25
1621946060797000,1,81.28561325,1.24
1621946090752000,1,184.58860859,1.25
1621946180241000,1,163.40403281,1.25
1621946263021000,0,32.05436420,1.25
1621946315405000,1,50.00000000,1.24
1621946331374000,0,10.00000000,1.24
1621946656786000,0,15.94998086,1.25
1621946775883000,1,100.00000000,1.26
1621946792937000,1,100.00000000,1.26
1621946903911000,0,19.74224524,1.27
1621947479755000,0,50.00000000,1.26
1621947665931000,0,32.05436420,1.27
1621947738931000,0,15.92088094,1.28
1621947738931000,0,15.91784135,1.29
1621947738931000,0,74.87621889,1.29
1621947767764000,0,38.93468377,1.28
1621947810401000,0,142.00000000,1.29
1621947916237000,0,200.00000000,1.29
1621947916237000,0,405.45123884,1.29
1621947946699000,0,38.89355611,1.29
1621947973462000,1,100.00000000,1.28
1621948278005000,1,49.88074530,1.28
1621948496604000,0,77.87373552,1.28
1621948638820000,1,54.30859863,1.28
1621948784618000,0,680.17208776,1.29
1621948880976000,0,6300.11799036,1.29
1621948881557000,0,2382.38499059,1.29
1621948888195000,1,509.81432000,1.29
1621948888195000,1,220.86212612,1.29
1621948890876000,0,32.24208300,1.30
1621948890876000,0,15.63574420,1.31
1621948890876000,0,97.82540755,1.31
1621948986298000,1,211.88219925,1.30
1621948988538000,1,223.79043985,1.30
1621949357730000,0,77.87373552,1.31
1621949358847000,0,15.64087733,1.31
1621949376254000,0,75.92322643,1.32
1621949404515000,1,87.22505021,1.31
1621949431919000,1,38.89355611,1.31
1621949561011000,1,350.00000000,1.32
1621949667317000,0,37.06563707,1.32
1621949862543000,0,22.67710821,1.32
1621949995031000,0,859.35473564,1.33
1621949995031000,0,16.16926915,1.33
1621950132250000,1,30.00000000,1.32
1621951084025000,0,15.04483360,1.33
1621951151246000,1,99.99999999,1.32
1621951151249000,1,0.00000001,1.32
1621951466222000,1,207.84206108,1.33
1621951466360000,0,214.27240393,1.33
1621951674089000,1,218.79333013,1.33
1621951810621000,0,15.31924667,1.33
1621951820017000,1,15.33619000,1.34
1621952055705000,1,100.00000000,1.33
1621952084272000,1,22.67710821,1.33
1621952084953000,1,208.53452846,1.33
1621952084953000,1,215.14865861,1.33
1621952084953000,1,495.58244000,1.33
1621952089298000,0,83.73437293,1.33
1621952090413000,0,83.77844000,1.34
1621952256048000,1,616.91133975,1.32
1621952379035000,1,232.41785335,1.33
1621952379041000,1,232.41785335,1.33
1621952449429000,1,26.18564449,1.33
1621952651637000,0,47.16191751,1.34
1621952651934000,1,222.63857670,1.34
1621952660876000,0,17.34353278,1.35
1621952872357000,0,103.28634000,1.34
1621953069346000,0,47.06316738,1.34
1621953196633000,0,14.88888888,1.34
1621953198633000,0,14.35714285,1.34
1621953200647000,0,13.86206896,1.34
1621953202637000,0,13.40000000,1.34
1621953344637000,1,230.90499044,1.34
1621953344637000,1,230.90499044,1.34
1621953344639000,1,230.90499044,1.34
1621953354686000,1,100.00000000,1.33
1621953462953000,0,100.00000000,1.35
1621953462953000,0,494.48411000,1.35
1621953469759000,0,100.00000000,1.35
1621953469759000,0,494.48411000,1.35
1621953470348000,1,2496.51589000,1.35
1621953533969000,0,494.48411000,1.35
1621953534057000,1,94.68200000,1.35
1621953557623000,1,70.00000000,1.34
1621953756768000,1,100.00000000,1.34
1621953814787000,0,166.66913583,1.35
1621953978276000,0,30.12322962,1.35
1621954078902000,1,46.53103499,1.34
1621954084400000,1,28.10474513,1.34
1621954112704000,1,16.97526606,1.34
1621954134263000,1,416.70552095,1.34
1621954905955000,1,100.00000000,1.32
1621954905955000,1,2217.53588516,1.32
1621954928149000,1,498.52895000,1.32
1621954928296000,0,371.29428326,1.32
1621955003898000,1,479.23510000,1.32
1621955004318000,1,29.73333000,1.32
1621955030073000,1,196.62227933,1.32
1621955041384000,1,226.01262431,1.32
1621955071631000,0,100.00000000,1.33
1621955071631000,0,269.41200000,1.33
1621955071631000,0,208.86926348,1.33
1621955094830000,1,62.58530467,1.33
1621955098560000,1,229.14967013,1.33
1621955098574000,1,229.35353416,1.33
1621955098600000,1,229.35353416,1.33
1621955099523000,1,228.80710406,1.33
1621955100139000,1,154.16548600,1.33
1621955100205000,1,435.58151100,1.33
1621955105280000,1,167.13001091,1.33
1621955377717000,0,200.00000000,1.33
1621955377717000,0,3091.00000000,1.33
1621955377717000,0,911.00000000,1.33
1621955377717000,0,442.98442005,1.33
1621955377717000,0,225.11091104,1.33
1621955377717000,0,23.79592588,1.33
1621955377717000,0,86.73823000,1.33
1621955377717000,0,87.22505021,1.34
1621955377717000,0,6196.54962660,1.34
1621955517924000,0,1001.10492321,1.35
1621955862431000,1,120.56549600,1.34
1621955914177000,1,224.09629936,1.34
1621955914177000,1,0.12335064,1.34
1621955919520000,1,60.92926169,1.34
1621955919524000,1,152.32315421,1.34
1621955919529000,1,16.79642314,1.34
1621955929007000,1,60.93567434,1.34
1621955930508000,1,60.91221798,1.34
1621955931695000,1,60.91221798,1.34
1621955933533000,1,26.04708592,1.34
1621955953402000,1,100.00000000,1.34
1621956072733000,1,61.07854274,1.34
1621956083257000,1,100.00000000,1.33
1621956083406000,1,52.52680606,1.33
1621956117531000,1,61.24219413,1.33
1621956117537000,1,147.36088966,1.33
1621956130701000,1,61.25736279,1.33
1621956130708000,1,153.22029706,1.33
1621956133511000,1,61.33676434,1.33
1621956162244000,1,61.22093197,1.33
1621956182670000,1,61.20746679,1.33
1621956185894000,1,61.20751421,1.33
1621956187362000,1,61.20751421,1.33
1621956187366000,1,153.09257722,1.33
1621956189513000,1,61.23742524,1.33
1621956474422000,1,421.59553545,1.34
1621956682224000,1,230.43795331,1.34
1621956683404000,1,46.20826039,1.34
1621956864889000,1,153.59944949,1.32
1621956967244000,0,75.31371467,1.34
1621956967319000,0,0.00000001,1.34
1621956972916000,0,229.05109500,1.34
1621956981321000,0,15.02000000,1.35
1621956983769000,1,157.80131100,1.35
1621956984095000,1,51.63332900,1.35
1621957104983000,1,107.77519400,1.35
1621957121687000,0,220.17243577,1.35
1621957124669000,0,56.47377793,1.35
1621957135520000,1,222.84432126,1.35
1621957152633000,1,3091.00000000,1.35
1621957152633000,1,911.00000000,1.34
1621957152633000,1,491.27462000,1.34
1621957152633000,1,422.58954181,1.34
1621957198618000,1,237.89410000,1.35
1621957207597000,1,209.95880012,1.34
1621957262133000,1,276.02668643,1.35
1621957562513000,1,44.48121558,1.35
1621957924472000,0,47.54305389,1.35
1621957924472000,0,15.02000000,1.35
1621957924472000,0,17.38473167,1.35
1621957924472000,0,200.00000000,1.36
1621957924472000,0,75.75757576,1.36
1621957924472000,0,15.74283701,1.36
1621957924472000,0,229.03530163,1.36
1621957924472000,0,209.29784405,1.36
1621957924472000,0,81.40008140,1.36
1621957924472000,0,188.49367035,1.37
1621957992237000,1,34.25701443,1.35
1621958005519000,1,151.43989047,1.35
1621958220075000,1,64.08130709,1.35
1621958220171000,1,35.91869291,1.35
1621958239851000,0,184.12272884,1.36
1621958468922000,1,182.94277178,1.36
1621958528489000,1,220.74523166,1.35
1621958568539000,0,73.83779313,1.35
1621958632510000,1,227.40780171,1.34
1621958632510000,1,100.00000000,1.34
1621958632510000,1,217.19994752,1.34
1621958632667000,0,1769.79966934,1.34
1621958726420000,1,152.22275669,1.35
1621958744439000,1,276.02668643,1.35
1621958846605000,1,151.27036855,1.35
1621958927827000,1,35.00000000,1.35
1621958966714000,1,150.63598512,1.35
1621959087069000,0,150.96709521,1.35
1621959092503000,0,151.13202000,1.36
1621959207108000,1,150.54708811,1.36
1621959327321000,1,100.00000000,1.35
1621959327321000,1,50.54708811,1.35
1621959447546000,1,100.00000000,1.35
1621959567666000,1,100.00000000,1.35
1621959898508000,0,200.00000000,1.35
1621959898508000,0,491.28418000,1.35
1621959898508000,0,207.28564454,1.35
1621959898508000,0,88.43017546,1.36
1621959989569000,0,36.82400335,1.36
1621960467674000,1,100.00000000,1.35
1621960564949000,1,37.00000000,1.35
1621960720391000,0,22.22271606,1.35
1621960759651000,1,182.52260077,1.34
1621960760057000,1,152.21429422,1.34
1621961286244000,0,36.82590186,1.36
1621961635031000,0,51.49253731,1.37
1621962145801000,0,32.95719000,1.37
1621962145801000,0,59.52106851,1.37
1621962145801000,0,56.37036249,1.37
1621962150506000,1,59.54127054,1.37
1621962150509000,1,12.31284946,1.37
1621962152778000,0,148.88444079,1.37
1621962226851000,0,19.30903000,1.38
1621962230507000,1,100.00000000,1.38
1621962273261000,0,0.00000366,1.38
1621962295514000,1,100.00000000,1.38
1621962353051000,0,200.00000000,1.39
1621962363849000,0,3539.01137868,1.39
1621962364359000,0,2550.00000000,1.39
1621962387326000,1,100.00000000,1.39
1621962416130000,0,124.47264000,1.39
1621962416130000,0,100.00000000,1.40
1621962416130000,0,146.37632157,1.40
1621962416256000,1,2744.15103843,1.40
1621962444120000,0,58.67576482,1.39
1621962444120000,0,205.45622402,1.39
1621962444120000,0,146.64233061,1.39
1621962444261000,1,223.52646890,1.39
1621962444740000,1,58.77950167,1.39
1621962444740000,1,587.47518719,1.39
1621962444741000,1,146.86879680,1.39
1621962444741000,1,205.61631552,1.39
1621962444743000,1,293.73759360,1.39
1621962468021000,0,100.00000000,1.40
1621962468021000,0,15.02000000,1.40
1621962468021000,0,180.00000000,1.40
1621962468021000,0,290.83448620,1.40
1621962468639000,0,483.93086000,1.40
1621962469088000,1,90.77674000,1.40
1621962539845000,1,3115.00000000,1.39
1621962539845000,1,100.00000000,1.39
1621962539845000,1,210.12864725,1.39
1621962539845000,1,216.83685219,1.39
1621962539845000,1,21.64911671,1.38
1621962567345000,0,466.15325000,1.40
1621962567345000,0,100.00000000,1.40
1621962567800000,1,90.91129000,1.40
1621962587738000,0,58.50457543,1.40
1621962587738000,0,146.26143858,1.40
1621962587738000,0,204.76601401,1.40
1621962589515000,1,100.00000000,1.40
1621962589656000,1,100.00000000,1.39
1621962591901000,0,58.52127492,1.39
1621962591901000,0,146.36527802,1.39
1621962591901000,0,204.91138922,1.40
1621962602828000,0,58.49117624,1.40
1621962602828000,0,100.00000000,1.40
1621962602828000,0,586.23515845,1.40
1621962659199000,1,100.00000000,1.39
1621962991195000,1,20.00000000,1.38
1621963019899000,1,161.34955196,1.38
1621963021346000,1,41.81260180,1.38
1621963024606000,1,10.29567350,1.38
1621963399062000,1,122.70340763,1.36
1621963399476000,1,98.42318000,1.36
1621963643707000,1,81.60465116,1.35
1621963673470000,0,72.63166304,1.38
1621965768415000,0,163.96800000,1.40
1621965768415000,0,443.77151711,1.40
1621965768415000,0,14.88888888,1.40
1621965768415000,0,801.04871444,1.41
1621965840120000,0,296.62385113,1.41
1621965901801000,0,76.71271696,1.41
1621968537607000,1,35.00000000,1.38
1621968650475000,0,100.00000000,1.42
1621968650475000,0,2400.00000000,1.42
1621969317217000,1,199.99999277,1.38
1621969317220000,1,180.38125000,1.38
1621969317322000,1,91.05550000,1.38
1621969317378000,1,2643.56325723,1.38
1621969317378000,1,100.00000000,1.38
1621969317378000,1,926.00000000,1.38
1621969355728000,1,1423.67712043,1.38
1621969413835000,1,100.13392449,1.38
1621969688857000,1,99.74477000,1.38
1621970582216000,0,60.00000000,1.39
1621970804746000,1,419.40565440,1.36
1621970914608000,1,100.00000000,1.36
1621970914608000,1,210.02140194,1.36
1621970914608000,1,484.82172000,1.36
1621970914608000,1,204.76608328,1.36
1621970914608000,1,454.37822332,1.36
1621971656841000,0,138.88200000,1.38
1621971656841000,0,3115.00000000,1.38
1621971656841000,0,207.31721258,1.38
1621971656841000,0,441.58867187,1.38
1621971656841000,0,202.74160163,1.38
1621971656841000,0,1561.64637125,1.39
1621972070510000,1,100.00000000,1.36
1621972070510000,1,209.26091435,1.36
1621972070510000,1,85.74607632,1.36
1621972070510000,1,211.68278782,1.36
1621972070510000,1,424.18816331,1.35
1621972070510000,1,391.77839908,1.35
1621972096515000,1,76.71271696,1.36
1621972142794000,1,34.52895670,1.35
1621972431278000,1,14.88888888,1.35
1621972436575000,1,34.52895669,1.35
1621972639489000,1,73.93058000,1.34
1621972666774000,1,23.29816200,1.34
1621972676669000,1,225.58923881,1.34
1621972678020000,0,470.85012000,1.34
1621972714262000,0,22.17868628,1.35
1621972721704000,0,14.79318375,1.35
1621973529602000,0,59.51601392,1.36
1621974454490000,0,103.65233000,1.36
1621974454490000,0,79.57590442,1.37
1621975588489000,0,100.00000000,1.37
1621975588489000,0,110.66680453,1.37
1621975588489000,0,221.22978290,1.37
1621975588710000,1,56.23229000,1.37
1621975589150000,1,84.32808000,1.37
1621975589272000,1,222.97787139,1.37
1621975589627000,1,84.33575000,1.37
1621975590062000,1,84.34342000,1.37
1621976487980000,0,19.23357664,1.37
1621976827804000,1,22.17868628,1.36
1621976882329000,1,19.23357664,1.36
1621977161380000,0,51.09489051,1.37
1621977621499000,1,44.29478000,1.36
1621978416580000,0,14.02261285,1.37
1621978416580000,0,4.18242534,1.38
1621979219438000,1,100.00000000,1.38
1621980094866000,1,100.00000000,1.38
1621980094866000,1,416.89791032,1.38
1621980094866000,1,207.08553431,1.37
1621980094866000,1,217.78267783,1.37
1621980094866000,1,402.85867827,1.37
1621980104085000,1,480.75380000,1.37
1621980104085000,1,100.00000000,1.37
1621980104085000,1,427.71480055,1.37
1621980109460000,1,59.43152766,1.37
1621980110810000,1,59.42933295,1.37
1621980110925000,0,148.59326547,1.37
1621980111214000,0,0.00001549,1.37
1621980111214000,0,208.03056092,1.37
1621980112506000,1,59.42933295,1.37
1621980112830000,0,148.59326547,1.37
1621980113702000,1,303.11941644,1.37
1621980113702000,1,100.00000000,1.37
1621980113702000,1,594.22383795,1.37
1621980113702000,1,1485.94168651,1.37
1621980113702000,1,542.12086077,1.37
1621980115134000,1,59.42545219,1.37
1621980115284000,0,148.56124595,1.37
1621980115284000,0,0.00001549,1.37
1621980115284000,0,0.00003243,1.37
1621980115284000,0,59.46931820,1.37
1621980115294000,0,148.56127515,1.37
1621980126026000,1,59.41885967,1.37
1621980128508000,1,7.44429033,1.37
1621980141683000,1,59.30612473,1.37
1621980153098000,0,18.91170416,1.37
1621980156135000,1,59.36792225,1.37
1621980157511000,1,40.63207775,1.37
1621980157511000,1,18.73584450,1.37
1621980159509000,1,59.36792225,1.37
1621980161518000,1,59.36792225,1.37
1621980163524000,1,59.36792225,1.37
1621980223522000,1,59.34071439,1.37
1621980225508000,1,59.34071439,1.37
1621980580641000,1,147.88174192,1.38
1621980628075000,0,18.20503819,1.38
1621980629031000,0,14.79318375,1.38
1621980634090000,0,18.91170416,1.38
1621980878510000,1,58.61146173,1.39
1621981054589000,0,44.54954723,1.40
1621981817038000,0,14.88888888,1.40
1621982399301000,1,471.21471000,1.40
1621982399301000,1,129.23521890,1.40
1621982541318000,1,58.25266136,1.40
1621982872333000,0,100.00000000,1.41
1621984216279000,1,133.98549577,1.40
1621984251543000,1,58.13155296,1.40
1621984252975000,1,58.13129905,1.40
1621984254513000,1,58.13129905,1.40
1621984275379000,0,470.43944000,1.41
1621986080537000,1,100.00000000,1.40
