timestamp ms,type,amount,price
1622073948593000,0,94.28606174,1.6811
1622073948593000,0,24.40962201,1.6998
1622074321216000,0,58.82387543,1.7000
1622074427506000,0,100.00000000,1.7000
1622074427506000,0,232.39842993,1.7000
1622074438116000,0,100.00000000,1.7085
1622074438116000,0,777.00000000,1.7085
1622074943156000,0,27.83670694,1.7064
1622077272772000,1,12.23096000,1.6500
1622077578058000,1,0.26904000,1.6500
1622077578058000,1,353.73879374,1.6304
1622078093465000,1,366.84445397,1.6142
1622078095534000,1,52.62769188,1.6099
1622078275482000,1,12.56250000,1.6000
1622078275482000,1,103.78125000,1.6000
1622078275482000,1,48.61250000,1.6000
1622078275482000,1,1900.00000000,1.6000
1622078275482000,1,12.50000000,1.6000
1622078325773000,1,379.82779921,1.5937
1622078325965000,1,16.93440255,1.5933
1622078326929000,1,197.42875828,1.5933
1622078330977000,1,33.59390940,1.5933
1622078365228000,1,197.60179776,1.5800
1622078473015000,1,379.74683545,1.5800
1622078473059000,1,261.25316000,1.5800
1622078571048000,1,661.39820679,1.5800
1622078762192000,1,184.39808991,1.5737
1622078773269000,1,182.93015144,1.5749
1622078773269000,1,0.00000856,1.5737
1622078784037000,1,181.79742978,1.5738
1622078788371000,1,437.85808000,1.5743
1622078800778000,1,189.03958531,1.5739
1622078809615000,1,100.00000000,1.5715
1622078858775000,1,100.00000000,1.5616
1622078914168000,0,33.27476904,1.5717
1622079461217000,1,131.26942127,1.5688
1622079462370000,0,97.59159117,1.5774
1622079665175000,1,100.00000000,1.5681
1622080384018000,1,50.00000000,1.5500
1622080390025000,1,84.97990800,1.5412
1622080627500000,1,99.99999999,1.5213
1622080628188000,1,0.00000001,1.5213
1622080628188000,1,14.99999999,1.5200
1622080628985000,1,15.00000000,1.5200
1622080629438000,1,64.18298131,1.5200
1622080721633000,1,185.07046265,1.5256
1622080725803000,1,185.10948377,1.5242
1622080731240000,1,537.04617501,1.5221
1622080732284000,0,181.77656079,1.5221
1622080735067000,1,100.00000000,1.5218
1622080735289000,0,2878.00000000,1.5218
1622080739176000,1,452.84763000,1.5222
1622080739282000,0,2525.15237000,1.5222
1622080739832000,1,187.30153204,1.5222
1622080743546000,1,536.84039759,1.5235
1622080743715000,0,2441.15960241,1.5235
1622080756055000,1,452.75245000,1.5225
1622080756412000,0,202.62370002,1.5225
1622080756420000,0,193.61533343,1.5225
1622080761058000,1,187.69201579,1.5223
1622080769728000,0,194.56902442,1.5217
1622080769983000,0,65.71640742,1.5217
1622080770089000,0,654.75223396,1.5217
1622080770130000,0,958.73575672,1.5217
1622080770170000,0,119.21516638,1.5217
1622080770720000,0,65.71640742,1.5217
1622080775175000,1,453.08277000,1.5214
1622080775385000,0,2524.91723000,1.5214
1622080798695000,0,100.00000000,1.5271
1622080937182000,1,532.96222382,1.5334
1622080937511000,0,2445.03777618,1.5334
1622080992466000,0,201.38297199,1.5436
1622080993226000,0,201.44744584,1.5436
1622080993615000,0,201.47407482,1.5436
1622080994020000,0,97.71708700,1.5436
1622081084393000,0,183.86475909,1.5460
1622081088077000,0,200.42336321,1.5481
1622081088578000,0,181.66251031,1.5484
1622081131641000,0,193.89361017,1.5431
1622081177721000,1,200.66470912,1.5432
1622081411458000,0,174.93973167,1.5373
1622081466199000,0,293.40817000,1.5418
1622081600632000,1,527.62758776,1.5489
1622081600864000,0,2450.37241224,1.5489
1622081792821000,0,2978.00000000,1.5475
1622081845674000,0,914.00000000,1.5479
1622081851692000,0,2978.00000000,1.5490
1622081966535000,0,200.76575590,1.5520
1622081966543000,0,21.29684157,1.5520
1622081966551000,0,200.78127655,1.5520
1622081966555000,0,129.08424615,1.5520
1622081967122000,0,362.07187983,1.5520
1622081967128000,0,57.72113077,1.5531
1622082001953000,0,2978.00000000,1.5536
1622082010938000,0,195.96935053,1.5510
1622082035072000,0,189.19772810,1.5490
1622082062150000,0,444.85528000,1.5490
1622082081755000,0,136.51428571,1.5500
1622082153058000,0,194.49203676,1.5503
1622082209415000,1,200.94144850,1.5445
1622082209446000,1,200.94144850,1.5445
1622082214788000,1,93.05228475,1.5397
1622082214813000,1,201.25604615,1.5397
1622082214827000,1,153.38641910,1.5397
1622082850952000,1,97.59159117,1.5221
1622083152268000,0,33.05145519,1.5283
1622083738061000,1,202.26577400,1.5277
1622084094601000,0,106.19673647,1.5137
1622084114702000,1,100.00000000,1.5100
1622084122758000,0,23.84105960,1.5097
1622084125385000,0,21.85850263,1.5097
1622084129824000,0,78.82308523,1.5097
1622084516427000,0,45.75493463,1.5153
1622084614963000,1,13.40000000,1.5000
1622084614963000,1,13.40000000,1.5000
1622084614963000,1,266.60817000,1.5000
1622084615541000,1,15.00000000,1.5000
1622084616542000,1,203.91871998,1.5000
1622084616746000,1,187.91806356,1.5000
1622084616980000,1,202.11959334,1.5000
1622084617065000,1,30.82473382,1.5000
1622084617183000,1,21.62605283,1.5000
1622084617836000,1,204.17730779,1.5000
1622084622401000,1,199.11550667,1.5000
1622084644112000,1,265.80518534,1.5000
1622084644112000,1,13.50000000,1.5000
1622084644770000,1,188.03745656,1.4993
1622084645298000,1,195.64526757,1.4991
1622084652705000,0,293.40817000,1.5020
1622084764228000,0,29.76574547,1.5006
1622084832536000,1,205.18919427,1.4904
1622084832853000,1,82.62707106,1.4897
1622084857701000,0,22.82277444,1.4897
1622084942436000,1,20.36451795,1.4854
1622085037918000,0,29.07337623,1.5025
1622085124841000,0,53.55500000,1.4910
1622085143963000,1,100.00000000,1.4867
1622085189279000,0,100.00000000,1.4926
1622085381865000,1,189.60266382,1.4987
1622085382429000,1,196.90994838,1.4961
1622085382436000,1,196.90994838,1.4961
1622085383983000,1,34.16691567,1.4922
1622085453312000,1,401.51042792,1.4821
1622085468297000,1,185.36880790,1.4804
1622085469597000,1,1500.00000000,1.4800
1622085505242000,0,55.52242274,1.4778
1622085505242000,0,14.07217185,1.4788
1622085505949000,0,18.91891892,1.4788
1622085577655000,0,409.54206659,1.4790
1622085578554000,0,30.93500754,1.4808
1622085586959000,0,138.40865630,1.4825
1622085586959000,0,55.33519551,1.4827
1622085587723000,0,0.00000001,1.4827
1622085587723000,0,193.82779187,1.4829
1622085587723000,0,13.07489484,1.4832
1622085587747000,0,206.91424990,1.4832
1622085587908000,0,206.71602949,1.4832
1622085588008000,0,206.67349604,1.4832
1622085588310000,0,49.69008447,1.4832
1622085591474000,1,205.92179086,1.4829
1622085591579000,1,198.97810528,1.4829
1622085816262000,0,33.64830487,1.4930
1622085816262000,0,2.96620152,1.4930
1622085907886000,0,205.97395214,1.4937
1622085908038000,0,164.12329111,1.4937
1622086325776000,1,547.56833665,1.4944
1622086394808000,1,547.09117777,1.4954
1622086395203000,0,2430.90882223,1.4954
1622086459006000,0,206.24684338,1.4968
1622086459020000,0,101.67154043,1.4968
1622086459040000,0,179.12208336,1.4968
1622086459069000,0,2490.95953283,1.4968
1622086490177000,0,388.76487914,1.5018
1622086807728000,1,205.81794324,1.4932
1622086807758000,1,205.82910728,1.4932
1622087840042000,0,20.00000000,1.4949
1622087855034000,0,29.22553339,1.4956
1622088004522000,1,15.00000000,1.4950
1622088291924000,1,207.05008796,1.4807
1622088292027000,1,207.15315047,1.4792
1622088292034000,1,207.15315047,1.4792
1622088292043000,1,81.25635115,1.4792
1622088292169000,1,57.28828493,1.4792
1622088338465000,1,202.34367242,1.4871
1622088338465000,1,550.31412131,1.4863
1622088338465000,1,1375.78530326,1.4855
1622088338465000,1,199.05478037,1.4855
1622088338465000,1,172.50212264,1.4847
1622089195753000,0,110.10577193,1.4887
1622089195753000,0,275.26442982,1.4894
1622089195867000,1,2592.62979825,1.4894
1622089593395000,1,2978.00000000,1.4904
1622089673419000,1,2978.00000000,1.4884
1622089717761000,0,185.63666188,1.4882
1622089717761000,0,192.53524875,1.4883
1622089717870000,1,2599.82808937,1.4883
1622089727667000,1,130.00000000,1.4850
1622089793557000,1,2978.00000000,1.4829
1622089925311000,0,100.00000000,1.4957
1622089988837000,0,54.76010721,1.4967
1622089988837000,0,191.73221990,1.4976
1622089988837000,0,44.94215845,1.4976
1622089988837000,0,112.32046619,1.4977
1622089988837000,0,292.07521447,1.4977
1622089988837000,0,69.32582765,1.4977
1622090263630000,1,2978.00000000,1.4872
1622090263630000,1,914.00000000,1.4872
1622090323506000,1,2978.00000000,1.4842
1622090360277000,1,2978.00000000,1.4798
1622090360277000,1,367.55295000,1.4798
1622090624162000,1,100.00000000,1.5034
1622090728677000,0,83.69279291,1.5092
1622090753444000,0,55.52242274,1.5094
1622090753444000,0,14.07217185,1.5094
1622090753813000,0,18.91891892,1.5096
1622090867991000,0,20.36451795,1.5156
1622090978687000,0,22.82277444,1.5245
1622091030626000,1,20.29456610,1.5211
1622091030626000,1,100.00000000,1.5210
1622091075583000,0,31.47054958,1.5165
1622091075583000,0,78.65228257,1.5165
1622091132188000,0,100.00000000,1.5144
1622091283767000,1,54.26103000,1.5140
1622091287508000,1,54.27897787,1.5140
1622091287523000,1,135.69744466,1.5140
1622091287523000,1,189.97642252,1.5140
1622091293277000,1,54.17289747,1.5140
1622091293279000,1,135.50810883,1.5140
1622091295513000,1,54.17289747,1.5140
1622091295517000,1,135.50667557,1.5140
1622091299614000,1,54.17397605,1.5140
1622091301291000,1,54.17216474,1.5140
1622091303507000,1,54.17193538,1.5140
1622091319483000,1,167.80132562,1.5140
1622091321512000,1,189.80115091,1.5140
1622091321513000,1,54.20357601,1.5140
1622091321516000,1,135.48360073,1.5140
1622091322989000,1,54.20357601,1.5140
1622091413022000,0,17.90795865,1.5173
1622091413022000,0,44.70542173,1.5173
1622091491566000,1,40.00000000,1.5202
1622091828677000,0,100.00000000,1.5190
1622091828677000,0,135.72350727,1.5190
1622091828677000,0,25.07532289,1.5190
1622091828677000,0,65.19583952,1.5190
1622091828677000,0,1900.00000000,1.5200
1622091828870000,1,752.00533032,1.5200
1622091886684000,1,189.98938574,1.5140
1622091886878000,1,189.98937253,1.5140
1622091888279000,1,542.43548189,1.5140
1622092065189000,1,135.84962352,1.5140
1622092125178000,1,112.00468649,1.5140
1622092146228000,1,456.06532000,1.5140
1622092162677000,1,244.79151200,1.5140
1622092162841000,1,136.10091866,1.5140
1622092163003000,1,188.38851388,1.5140
1622092163054000,1,181.45563409,1.5140
1622092172969000,1,400.00000000,1.5140
1622092185253000,1,135.84962352,1.5140
1622092305457000,1,135.67194849,1.5140
1622092359480000,1,373.82221935,1.5140
1622092425540000,1,135.67194556,1.5060
1622092475038000,0,21.24833997,1.5044
1622093796121000,1,100.00000000,1.5156
1622093989211000,1,414.99824051,1.5192
1622094565148000,1,100.00000000,1.5343
1622094744463000,0,78.82308523,1.5397
1622094744463000,0,21.85850263,1.5399
1622094744463000,0,21.24833997,1.5411
1622094744463000,0,1172.86354033,1.5451
1622095004234000,0,23.84105960,1.5452
1622095081606000,1,112.20064274,1.5468
1622095081606000,1,89.64101689,1.5467
1622095081608000,1,10.35898311,1.5467
1622095180885000,0,19.32342256,1.5525
1622095294727000,1,30.86302017,1.5468
1622095488005000,0,64.65921361,1.5466
1622095546357000,1,195.55373605,1.5412
1622095632447000,1,193.25143755,1.5360
1622095639408000,1,200.66975396,1.5343
1622095643579000,1,385.96010443,1.5343
1622095647822000,1,651.62824448,1.5334
1622095746017000,1,452.25341000,1.5242
1622095746168000,0,452.15848000,1.5242
1622095754964000,1,452.54141000,1.5232
1622095755122000,0,2525.45859000,1.5232
1622095759101000,1,536.47567924,1.5243
1622095759201000,0,536.47567924,1.5243
1622095763478000,1,198.49718462,1.5239
1622095767271000,1,536.65250667,1.5236
1622095767380000,0,536.65250667,1.5236
1622095768522000,0,536.65250667,1.5236
1622095770516000,0,536.65250667,1.5236
1622095771322000,1,1341.63126666,1.5229
1622095771481000,0,1636.36873334,1.5229
1622095791542000,1,537.28874750,1.5220
1622095851845000,0,17.68913540,1.5252
1622095986532000,0,65.60441867,1.5244
1622096138538000,1,392.45017065,1.5191
1622097200212000,0,202.23593651,1.5205
1622097754484000,1,589.78829389,1.5257
1622098108564000,0,293.40817000,1.5272
1622098667875000,1,133.72258000,1.5366
1622098934935000,1,137.67729342,1.5370
1622098975300000,1,4431.63849154,1.5360
1622099150339000,1,452.20297000,1.5244
1622099159874000,1,536.67722734,1.5243
1622099159986000,0,536.67722734,1.5243
1622099160081000,0,1904.64554532,1.5243
1622099173629000,1,536.76326859,1.5244
1622099173751000,0,536.76326859,1.5244
1622099173899000,0,1904.47346282,1.5244
1622099196711000,0,26.21730210,1.5257
1622099414907000,0,53.88490378,1.5214
1622099415034000,1,2.90452181,1.5214
1622099809922000,1,206.10239840,1.5127
1622099861097000,0,24.63644112,1.5135
1622099863310000,0,27.75006442,1.5135
1622099875749000,0,24.44648532,1.5119
1622099876559000,0,29.76804713,1.5119
1622099876559000,0,53.48214613,1.5126
1622099898188000,1,33.88282960,1.5060
1622100121193000,0,53.94833397,1.5198
1622100121193000,0,2978.00000000,1.5204
1622100121193000,0,195.93835710,1.5204
1622100121193000,0,134.87083493,1.5205
1622100121193000,0,234.85520315,1.5208
1622100124888000,1,206.08535683,1.5127
1622100124889000,1,206.08535683,1.5127
1622100124897000,1,206.08535683,1.5127
1622100178004000,0,54.12105285,1.5150
1622100178004000,0,135.31618560,1.5155
1622100178004000,0,189.42414050,1.5160
1622100178004000,0,37.52280475,1.5166
1622100178004000,0,270.52694084,1.5166
1622100178004000,0,243.76616377,1.5180
1622100178004000,0,93.75621684,1.5180
1622100178004000,0,100.00000000,1.5187
1622100178004000,0,541.40006346,1.5187
1622100178004000,0,2193.73396401,1.5207
1622100394595000,1,29.22553339,1.5194
1622100868967000,1,199.57059783,1.5226
1622100979353000,1,200.52586635,1.5270
1622101159340000,1,376.31495356,1.5239
1622101233068000,0,53.67072400,1.5270
1622101233068000,0,65.73482708,1.5277
1622101233068000,0,134.17681000,1.5277
1622101233068000,0,170.91055040,1.5286
1622101233068000,0,48.63200000,1.5286
1622101233068000,0,181.23757012,1.5286
1622101405669000,1,405.11088950,1.5157
1622101793222000,0,28.89755815,1.5226
1622102158115000,0,53.80015106,1.5239
1622102158115000,0,134.49782535,1.5243
1622102158115000,0,188.40910783,1.5243
1622102158115000,0,19.17848202,1.5249
1622102158115000,0,188.30850993,1.5249
1622102158115000,0,47.93064840,1.5254
1622102158115000,0,45.07984617,1.5254
1622102339105000,1,134.82114928,1.5140
1622102568297000,1,2365.17885072,1.5140
1622102628097000,1,201.05810061,1.5044
1622102628348000,1,66.01635898,1.5044
1622102630191000,1,200.00000000,1.5029
1622102630191000,1,6.32958426,1.5022
1622102631155000,1,43.67041574,1.5022
1622102636813000,1,228.58505856,1.5014
1622102636947000,1,40.50000000,1.5009
1622102636947000,1,50.00000000,1.5002
1622102636947000,1,115.59183245,1.5000
1622102777798000,1,615.40150088,1.5000
1622102777798000,1,2500.00000000,1.5000
1622102777798000,1,65.83061782,1.5000
1622102777798000,1,35.82000000,1.5000
1622103470785000,1,134.32481838,1.5279
1622104326149000,0,29.76804713,1.5436
1622104326149000,0,23.56079462,1.5436
1622104447622000,0,29.92135151,1.5436
1622104447622000,0,24.44648532,1.5438
1622104458636000,1,19.32342256,1.5430
1622104597931000,1,18.27129214,1.5440
1622104809599000,0,27.75006442,1.5488
1622104810674000,0,13.50000000,1.5500
1622105266890000,0,52.94255433,1.5470
1622105266890000,0,132.39110669,1.5472
1622105266890000,0,43.77624366,1.5483
1622105266890000,0,17.50742670,1.5483
1622105266890000,0,446.28432000,1.5484
1622105266890000,0,185.21971587,1.5495
1622105266890000,0,211.25797135,1.5496
1622105478624000,0,14.03377070,1.5525
1622105478624000,0,52.78141661,1.5525
1622105478624000,0,14.02903993,1.5534
1622105478624000,0,35.07259984,1.5534
1622105478624000,0,131.94387785,1.5534
1622105478624000,0,184.71152697,1.5545
1622105478624000,0,446.44010000,1.5549
1622105478624000,0,207.16233210,1.5552
1622107178653000,1,56.78942559,1.5562
1622107193231000,0,20.29456610,1.5590
1622107194093000,0,13.40000000,1.5600
1622107765611000,1,20.23922511,1.5628
1622108129332000,0,442.17695000,1.5675
1622108133480000,1,262.31415500,1.5675
1622108139980000,1,683.89987000,1.5675
1622108152399000,1,141.30627600,1.5675
1622108157693000,1,155.52862500,1.5675
1622108170816000,0,442.17695000,1.5696
1622108174075000,1,52.42301000,1.5696
1622108189690000,1,79.07953315,1.5696
1622108189902000,1,204.47397746,1.5696
1622108189982000,1,23.89415875,1.5696
1622108381541000,0,589.78829389,1.5644
1622108381657000,1,440.84317000,1.5636
1622108381657000,1,100.00000000,1.5636
1622108381657000,1,191.06571398,1.5628
1622108381657000,1,187.60968627,1.5620
1622108381657000,1,169.48142975,1.5615
1622108896986000,1,117.09773004,1.5635
1622109440436000,1,373.24593540,1.5602
1622109451906000,1,442.57539000,1.5575
1622109452177000,0,337.24223689,1.5575
1622109544040000,0,1334.20994307,1.5575
1622109592539000,0,198.30359988,1.5590
1622109592539000,0,194.61381205,1.5598
1622109592924000,1,521.13275000,1.5616
1622109596139000,1,337.24223700,1.5616
1622109596452000,1,131.34512741,1.5616
1622109598087000,1,131.41289815,1.5616
1622109600045000,1,131.42575019,1.5616
1622109650429000,1,105.01107824,1.5616
1622109659601000,1,131.32886362,1.5616
1622109663229000,1,131.32216800,1.5616
1622109815351000,1,465.48870785,1.5616
1622109815967000,1,184.02763157,1.5616
1622109816693000,1,194.29956712,1.5616
1622109817117000,1,199.87936246,1.5616
1622109817120000,1,189.44006400,1.5616
1622109817447000,1,189.31697853,1.5616
1622109817453000,1,189.31699133,1.5616
1622109818336000,1,205.48305767,1.5616
1622109818345000,1,205.48305767,1.5616
1622109818450000,1,205.71540731,1.5616
1622109818506000,1,41.59758069,1.5616
1622109839932000,1,100.00000000,1.5542
1622110390068000,0,13.37073039,1.5616
1622110455411000,0,249.98523971,1.5616
1622110455411000,0,337.07935174,1.5616
1622110502190000,0,15.92376972,1.5700
1622110524114000,1,140.50000000,1.5670
1622110567508000,1,52.22758361,1.5696
1622110572560000,1,52.22133376,1.5700
1622110573673000,1,52.22133376,1.5700
1622110573674000,1,130.61898403,1.5700
1622110575519000,1,52.22133376,1.5700
1622111306590000,0,50.00000000,1.5700
1622111412055000,0,450.00000000,1.5700
1622111620235000,1,52.18119801,1.5700
1622111624758000,1,52.17352155,1.5700
1622111626098000,1,52.21663091,1.5700
1622111626099000,1,130.49216144,1.5700
1622111627510000,1,52.21663091,1.5700
1622111627511000,1,130.49216144,1.5700
1622111628870000,1,130.49216144,1.5700
1622111628872000,1,52.21663091,1.5700
1622111630515000,1,52.21663091,1.5700
1622111630517000,1,130.49216144,1.5700
1622111630519000,1,182.78945773,1.5700
1622111632509000,1,41.48951676,1.5700
1622113373306000,0,65.83061782,1.5750
1622113607055000,1,28.89755815,1.5870
1622113800099000,1,129.28307594,1.5870
1622113984726000,0,13.40000000,1.5900
1622113984726000,0,20.23922511,1.5923
1622113984726000,0,26.01099911,1.5942
1622114413610000,1,20.31059124,1.5868
1622114416249000,1,51.54657445,1.5865
1622114417425000,1,51.54657445,1.5865
1622114455855000,0,15.71417795,1.5909
1622114837869000,0,434.40208000,1.5956
1622114837869000,0,202.07846925,1.5980
1622114837869000,0,360.52653473,1.5986
1622115039502000,1,375.90923046,1.5961
1622115057437000,1,199.44799800,1.5961
1622115128623000,1,55.24930000,1.5961
1622115182717000,1,0.00000108,1.5961
1622116335178000,0,156.16215878,1.6009
1622116360393000,1,40.00000000,1.5971
1622116460284000,0,195.40736780,1.6027
1622116464135000,0,429.84781926,1.6027
1622116517478000,0,188.95570000,1.6027
1622116745996000,0,510.22711797,1.6027
1622116746313000,0,2535.12952759,1.6027
1622116751186000,1,51.01164666,1.6067
1622116752990000,1,51.04716187,1.6067
1622116752990000,1,48.95283813,1.6067
1622116752990000,1,78.64294968,1.6067
1622116756927000,0,127.72532218,1.6049
1622116757075000,1,51.08373823,1.6052
1622116759534000,1,51.08373823,1.6044
1622116761506000,1,51.07962114,1.6044
1622117275721000,1,173.77589223,1.5987
1622117466543000,0,28.77607832,1.5985
1622117783920000,1,128.56004093,1.5933
1622117785894000,1,128.61675234,1.5933
1622117807911000,1,51.46804138,1.5903
1622117815090000,1,100.00000000,1.5892
1622117816080000,1,173.43313496,1.5869
1622117823427000,1,35.34942976,1.5862
1622117847173000,1,51.56859461,1.5874
1622117848513000,1,51.56859461,1.5874
1622117853483000,1,51.60101583,1.5864
1622117854779000,1,51.60101583,1.5864
1622117856338000,1,51.61909334,1.5859
1622117861698000,1,9.12535509,1.5806
1622117861812000,1,150.08478515,1.5804
1622117862135000,1,366.07003056,1.5804
1622117862135000,1,630.93705342,1.5791
1622118217171000,1,21.85605903,1.5843
1622118480960000,1,128.70039000,1.5874
1622118911637000,1,203.71856612,1.5960
1622118911739000,1,203.92472458,1.5960
1622119226078000,1,129.27831400,1.5864
1622119226178000,1,240.43252953,1.5864
1622119308866000,1,99.99999999,1.5760
1622119310931000,1,100.00000000,1.5753
1622119921894000,1,130.38488510,1.5743
1622120144460000,0,439.20460000,1.5795
1622120144460000,0,200.00000000,1.5799
1622120144621000,1,175.95234000,1.5812
1622120144999000,1,576.54667188,1.5812
1622120144999000,1,204.44552253,1.5731
1622120148098000,0,25.63090559,1.5731
1622120176246000,1,53.32884175,1.5730
1622120347403000,1,52.36645932,1.5646
1622120347889000,1,47.63354068,1.5646
1622120393622000,1,52.56458082,1.5582
1622120397057000,1,52.57952653,1.5582
1622120399512000,1,52.57743698,1.5582
1622120401526000,1,52.57743698,1.5582
1622120545324000,0,52.23127831,1.5685
1622120545414000,1,52.23127831,1.5685
1622120546984000,1,52.24239198,1.5685
1622120546985000,1,130.60739089,1.5685
1622120548268000,1,52.24239198,1.5685
1622120548277000,1,130.61196543,1.5685
1622120549539000,1,118.08547401,1.5685
1622121226346000,0,52.08450577,1.5723
1622121226346000,0,1.26828045,1.5738
1622121245890000,0,100.00000000,1.5723
1622121360117000,1,99.99999999,1.5788
1622121844364000,1,99.99999999,1.5974
1622121904146000,0,50.54532295,1.6027
1622122428847000,1,51.24236314,1.5976
1622122980491000,0,100.00000000,1.5963
1622123008112000,1,100.00000000,1.5907
1622123042798000,1,51.59501219,1.5870
1622123103208000,0,100.00000000,1.5875
1622123177733000,1,100.00000000,1.5882
1622123523095000,1,51.62155905,1.5860
1622123576409000,1,51.58178578,1.5869
1622123577732000,1,51.58363758,1.5869
1622123596065000,1,51.57619468,1.5869
1622123737978000,0,186.93808241,1.5844
1622123737978000,0,8.55237528,1.5852
1622123745937000,1,186.93806940,1.5844
1622123900416000,1,20.00000000,1.5758
1622124015743000,1,59.67404932,1.5793
1622124316951000,1,55.00000000,1.5804
1622124604791000,1,185.48098911,1.5890
1622124604995000,1,76.71964590,1.5890
1622124604996000,1,37.79936499,1.5890
1622124784422000,1,129.17960615,1.5868
1622124904553000,1,129.19763103,1.5846
1622124958181000,1,90.92609517,1.5886
1622125144751000,1,110.41945325,1.5945
1622125218170000,1,799.69894910,1.5906
1622125443952000,1,40.00000000,1.5910
1622125558825000,0,100.00000000,1.6000
1622125558825000,0,4431.63849154,1.6000
1622126127735000,0,40.56617357,1.5968
1622126555268000,0,37.35419772,1.5963
1622126988294000,1,402.27813024,1.5802
1622127182552000,0,300.00000000,1.5800
1622127485552000,0,94.38058025,1.5893
1622128598354000,1,397.31492389,1.5705
1622128613355000,0,107.62493852,1.5664
1622128640207000,1,53.35278622,1.5605
1622129107857000,1,133.83526683,1.5600
1622129170051000,0,191.08511579,1.5612
1622129361727000,1,66.91763342,1.5603
1622129394502000,1,33.45881670,1.5600
1622129771781000,0,206.71375568,1.5662
1622129771781000,0,194.88823376,1.5666
1622129796368000,1,189.92227149,1.5668
1622129796375000,1,193.97574952,1.5668
1622129823355000,1,307.36678411,1.5668
1622129844727000,1,706.74338400,1.5668
1622129844731000,1,382.95646500,1.5668
1622129844952000,1,382.95646500,1.5668
1622129865317000,1,382.82472300,1.5668
1622129865317000,1,819.52759900,1.5668
1622129865882000,1,206.25668569,1.5668
1622129866374000,1,1174.40019900,1.5668
1622129870932000,1,330.70854000,1.5668
1622129908102000,1,191.20131736,1.5668
1622130503854000,1,439.14285000,1.5681
1622130503854000,1,100.00000000,1.5680
1622130504303000,0,474.44360000,1.5677
1622130504417000,0,313.39287928,1.5677
1622130607082000,1,130.66223689,1.5697
1622130726509000,1,52.42844389,1.5677
1622130831411000,1,18.84862860,1.5668
1622131214433000,1,199.97209304,1.5690
1622131214433000,1,205.08230321,1.5674
1622131214433000,1,439.69586000,1.5668
1622131214433000,1,141.50000000,1.5668
1622131214433000,1,409.04705562,1.5633
1622131214433000,1,1833.40641792,1.5629
1622131214433000,1,100.00000000,1.5604
1622131214433000,1,268.90899936,1.5604
1622131310415000,1,93.59179134,1.5603
1622131310415000,1,207.43300946,1.5603
1622131310420000,1,140.42185920,1.5603
1622131350539000,1,132.00473077,1.5600
1622131355742000,1,384.90480000,1.5600
1622131356789000,1,161.84544000,1.5600
1622131357447000,1,184.80662821,1.5600
1622131357474000,1,184.80662821,1.5600
1622131357838000,1,138.44565500,1.5600
1622131358120000,1,184.80662800,1.5600
1622131360097000,1,184.90750000,1.5600
1622131360296000,1,256.16553700,1.5600
1622131360487000,1,187.30645281,1.5600
1622131360487000,1,20.60461379,1.5600
1622131361171000,1,79.39538621,1.5600
1622131361171000,1,31.74603174,1.5570
1622131366202000,1,103.26972298,1.5555
1622131371427000,1,24.10779873,1.5555
1622131371434000,1,18.53338498,1.5555
1622131410172000,1,19.04091302,1.5500
1622131410204000,1,130.95908698,1.5500
1622131434642000,1,53.10671947,1.5488
1622131436515000,1,53.10671947,1.5488
1622131534237000,1,53.02268017,1.5491
1622131540498000,1,53.03167216,1.5489
1622131703595000,1,132.71224711,1.5471
1622131703596000,1,53.07028430,1.5471
1622131767069000,0,42.67129003,1.5450
1622131783607000,0,161.85315387,1.5446
1622131952593000,1,48.37534923,1.5391
1622131952593000,1,100.00000000,1.5359
1622131952593000,1,151.56922399,1.5359
1622131952658000,1,17.68913540,1.5359
1622132047586000,1,132.95749523,1.5337
1622132167591000,1,133.63337616,1.5413
1622132355117000,0,32.34696650,1.5457
1622132826521000,1,395.08099801,1.5327
1622132957076000,1,50.83511862,1.5303
1622132957101000,1,209.93510994,1.5303
1622132957106000,1,209.93510994,1.5303
1622132978050000,1,342.40102000,1.5300
1622132980508000,1,84.21314094,1.5300
1622132980686000,1,209.46885193,1.5300
1622132983087000,1,130.77184052,1.5300
1622132985813000,1,62.37231635,1.5300
1622132986355000,1,1670.77283026,1.5300
1622132989656000,0,40.52287582,1.5300
1622133861731000,1,193.00950922,1.5292
1622133865293000,1,206.91877251,1.5286
1622133865293000,1,190.65460751,1.5284
1622134304634000,0,700.00000000,1.5280
1622134473514000,1,54.12599293,1.5186
1622134473795000,1,35.00000000,1.5186
1622134475533000,1,54.12599293,1.5186
1622135335459000,0,100.00000000,1.5262
1622135722296000,0,53.80447573,1.5280
1622135722296000,0,11.63689487,1.5285
1622135993262000,0,50.00000000,1.5368
1622136265302000,0,53.62335413,1.5349
1622136265302000,0,80.43502587,1.5349
1622136265315000,0,53.62335944,1.5349
1622136265315000,0,61.49578756,1.5351
1622136265322000,0,126.18595187,1.5351
1622136265416000,1,53.62335413,1.5351
1622136265473000,0,206.62583500,1.5354
1622136266514000,1,7.87242800,1.5351
1622136266647000,0,16.30523398,1.5333
1622136267932000,1,134.05565085,1.5351
1622136267934000,1,138.93664915,1.5351
1622136274142000,0,53.62226034,1.5332
1622136274142000,0,134.05565085,1.5339
1622136274142000,0,48.74126204,1.5347
1622136274142000,0,61.49578752,1.5354
1622136274142000,0,238.31857525,1.5368
1622136274249000,0,264.27919000,1.5368
1622137019269000,0,17.70690093,1.5344
1622138450602000,0,189.08862194,1.5443
1622138450602000,0,188.96799747,1.5452
1622138451050000,1,1557.41434833,1.5500
1622138775551000,0,136.31797223,1.5528
1622138848505000,0,53.28657998,1.5528
1622138907561000,1,443.44711000,1.5524
1622138907561000,1,192.58485035,1.5524
1622138940222000,1,443.39935000,1.5525
1622138940222000,1,184.67744985,1.5524
1622138960161000,1,192.18962120,1.5531
1622138960532000,0,396.88611907,1.5531
1622138964058000,1,443.43077000,1.5523
1622138977161000,0,12.84587518,1.5569
1622139205180000,0,40.52287582,1.5656
1622139227964000,1,16.30523398,1.5686
1622139351043000,0,12.65838808,1.5800
1622139483095000,1,24.50426326,1.5612
1622139682922000,1,204.34527957,1.5663
1622139682928000,1,204.34527957,1.5663
1622139682945000,1,99.99999999,1.5663
1622139716345000,1,133.95465442,1.5660
1622140279254000,1,20.00000000,1.5500
1622140279254000,1,100.00000000,1.5478
1622140287115000,1,205.98259581,1.5421
1622141246744000,1,3116.00000000,1.5449
1622141250751000,1,1479.43659783,1.5449
1622141279153000,0,65.00000000,1.5447
1622141700618000,0,200.00000000,1.5389
1622141700618000,0,439.86301000,1.5389
1622141700618000,0,160.13699000,1.5540
1622142135456000,1,16.72940836,1.5365
1622142173991000,0,37.74788319,1.5362
1622142904510000,1,188.81318796,1.5435
1622142973944000,1,92.49456249,1.5429
1622143222317000,0,16.24822081,1.5386
1622143422333000,0,157.74500000,1.5347
1622143422333000,0,167.48902154,1.5348
1622143655098000,1,395.14609000,1.5239
1622143655247000,1,17.70690093,1.5239
1622143656963000,1,500.00200000,1.5239
1622143685756000,1,173.98235507,1.5239
1622143686240000,1,176.96787297,1.5239
1622143691666000,1,202.95821386,1.5239
1622143691674000,1,560.25055941,1.5239
1622143958290000,1,16.24822081,1.5240
1622143966326000,1,0.00000822,1.5239
1622143966326000,1,100.00000000,1.5233
1622143966326000,1,191.24098310,1.5232
1622143966326000,1,24.20881750,1.5225
1622144106763000,0,29.06595873,1.5369
1622144116217000,1,99.99999999,1.5297
1622144174859000,0,19.60130936,1.5305
1622144195439000,1,21.23026315,1.5200
1622144237703000,0,34.50021602,1.5276
1622144724962000,1,100.00000000,1.5200
1622144782075000,1,2000.00000000,1.5200
1622145494034000,0,16.30140648,1.5336
1622145538927000,0,88.53725034,1.5331
1622145557585000,0,3116.00000000,1.5328
1622145557585000,0,100.00000000,1.5329
1622145558189000,1,41.46229713,1.5330
1622146687699000,1,25.66879087,1.5176
1622146839707000,0,32.57423378,1.5247
1622146923903000,1,453.37880000,1.5192
1622146923903000,1,100.00000000,1.5188
1622146923903000,1,539.98051167,1.5183
1622146923903000,1,204.80118735,1.5182
1622146923903000,1,2.77544392,1.5176
1622146993283000,1,100.00000000,1.5176
1622146993283000,1,108.50851888,1.5176
1622146993776000,1,71.93785262,1.5176
1622147067736000,0,32.43809260,1.5208
1622147071686000,0,51.94566089,1.5208
1622147073153000,0,84.16512145,1.5208
1622147279568000,0,200.00000000,1.5161
1622147279568000,0,204.62236147,1.5161
1622147279568000,0,123.49325548,1.5170
1622147279568000,0,93.48439205,1.5185
1622147279568000,0,92.12651439,1.5445
1622147279568000,0,3116.00000000,1.5445
1622147279568000,0,186.49346257,1.5445
1622148539376000,1,100.00000000,1.5137
1622148539376000,1,301.40170000,1.5137
1622148612320000,0,75.06270627,1.5150
1622148635925000,0,26.40264026,1.5138
1622149264889000,1,204.73117362,1.5124
1622149268240000,1,158.72650347,1.5124
1622149371028000,1,51.52980132,1.5100
1622149371142000,0,241.87836868,1.5056
1622149371146000,1,35.89169322,1.5100
1622149371756000,1,100.00000000,1.5100
1622149425635000,1,75.06270627,1.5004
1622149727056000,1,667.70067969,1.5029
1622150039921000,0,100.00000000,1.5208
1622150044379000,0,22.57835576,1.5226
1622150110136000,1,78.15441000,1.5208
1622150110497000,1,273.44083166,1.5208
1622150469150000,0,22.15082665,1.5385
1622150469150000,0,19.25907853,1.5385
1622150469150000,0,0.00000482,1.5400
1622150473461000,0,22.57835094,1.5400
1622150473461000,0,137.63393116,1.5401
1622150473461000,0,2000.00000000,1.5450
1622152244782000,0,26.40264026,1.5503
1622152611590000,1,19.60130936,1.5503
1622152634907000,0,19.34136214,1.5511
1622152944389000,0,22.56492250,1.5511
1622153066897000,1,100.00000000,1.5503
1622153143214000,1,100.00000000,1.5503
1622153143214000,1,166.41810411,1.5503
1622153199561000,0,394.18305183,1.5465
1622153202658000,0,4.55483793,1.5465
1622154490770000,0,42.25883681,1.5511
1622154490770000,0,51.94566089,1.5512
1622154604052000,1,100.00000000,1.5545
1622154604052000,1,9.11644538,1.5545
1622155884697000,1,381.83525502,1.5402
1622159176846000,1,29.25631000,1.5284
1622159177322000,1,180.44637150,1.5284
1622159227717000,1,26.89285000,1.5365
1622159280458000,0,199.58378000,1.5482
1622160091123000,1,100.00000000,1.5393
1622160254760000,1,37.04526000,1.5192
1622163246049000,1,30.08474297,1.5187
1622163250695000,0,189.36378862,1.5096
1622163250978000,0,0.00001372,1.5096
1622163276518000,0,135.14436057,1.5150
1622163276689000,0,27.21163943,1.5150
1622164388954000,0,39.60474465,1.5022
1622164525976000,0,14.53555383,1.5040
1622164525976000,0,13.92788617,1.5047
1622167741951000,0,39.60474000,1.5453
1622167779321000,0,0.00000465,1.5453
1622169577057000,0,88.53725034,1.5415
1622169577057000,0,11.98786966,1.5612
1622170522463000,0,395.14609000,1.5640
1622170522463000,0,17.70690093,1.5640
1622170522463000,0,166.79444907,1.5640
1622170524555000,0,333.20755093,1.5640
1622170524555000,0,173.98235507,1.5640
1622170524555000,0,176.96787297,1.5640
1622170524555000,0,44.74246503,1.5640
1622170524698000,0,158.21574883,1.5640
1622170524698000,0,560.25055649,1.5640
1622170914997000,1,100.00000000,1.5486
1622170915225000,0,100.00000000,1.5486
1622170915262000,0,727.17946441,1.5486
1622170915591000,0,586.03947000,1.5486
1622171638195000,1,400.90773744,1.5403
1622171639972000,1,89.07968000,1.5400
1622171639972000,1,88.57646000,1.5400
1622175831409000,1,32.56141082,1.5356
1622175831409000,1,32.56141082,1.5356
1622175832095000,0,1421.71956646,1.5356
1622175847233000,0,448.62857964,1.5356
1622176349540000,0,181.42759842,1.5294
1622176354845000,0,130.78899374,1.5300
1622176358532000,0,15.41882233,1.5279
1622176358532000,0,0.00001317,1.5300
1622176358532000,0,0.00000292,1.5640
1622176358532000,0,0.00000822,1.5640
1622176358532000,0,183.18306336,1.5703
1622176363389000,1,100.00000000,1.5274
1622176379833000,1,39.05412000,1.5273
1622176380201000,1,187.73043507,1.5273
1622176380594000,1,544.43700000,1.5273
1622176380744000,1,243.43325000,1.5273
1622176382271000,1,100.00000000,1.5274
1622176382271000,1,36.27104000,1.5273
1622176382293000,1,650.10694996,1.5273
1622176382559000,1,347.18158904,1.5273
1622176384120000,1,368.89386600,1.5273
1622176385120000,1,149.66535700,1.5273
1622176388377000,1,27.68112000,1.5273
1622176389340000,1,27.14557000,1.5273
1622176390814000,1,27.14254000,1.5273
1622176392612000,1,27.14252000,1.5273
1622176394745000,1,27.14253000,1.5273
1622176396711000,1,27.14252000,1.5273
1622176398783000,1,11.43727516,1.5273
1622176399414000,0,100.00000000,1.5194
1622176400210000,0,63.50869152,1.5194
1622176400247000,1,100.00000000,1.5147
1622176400247000,1,90.10384794,1.5147
1622176401495000,0,18.42796312,1.5194
1622176402097000,1,3.86024961,1.5147
1622176402097000,1,100.00000000,1.5147
1622176404510000,1,54.32800780,1.5147
1622176406509000,1,54.29409049,1.5147
1622176408310000,1,54.29409049,1.5147
1622176409908000,1,54.27720439,1.5147
1622176409909000,1,135.72828961,1.5147
1622176412515000,1,54.27720439,1.5147
1622176412539000,1,135.72828961,1.5147
1622176414522000,1,24.88888200,1.5147
1622176414522000,1,54.27720439,1.5145
1622176414786000,0,110.83940761,1.5146
1622176751437000,0,39.61494276,1.5122
1622176772883000,1,229.23089000,1.5097
1622176785041000,0,172.47800000,1.5112
1622176785041000,0,172.38768683,1.5112
1622176791661000,0,191.99661050,1.5108
1622176791661000,0,100.00000000,1.5113
1622176791661000,0,182.30766061,1.5113
1622176791716000,1,100.00000000,1.5113
1622176820942000,0,54.03055839,1.5195
1622176820942000,0,57.21169517,1.5262
1622176820942000,0,39.33371000,1.5300
1622176820942000,0,61.32871000,1.5300
1622176820942000,0,557.52125830,1.5449
1622177038778000,1,142.34188906,1.5097
1622177188813000,1,136.73380480,1.5003
1622177189094000,1,49.84546000,1.5003
1622177192319000,1,65.22725049,1.5003
1622177194593000,1,49.84546000,1.5003
1622177392273000,0,31.34102526,1.5102
1622178029148000,1,13.50000000,1.5000
1622178029148000,1,13.40000000,1.5000
1622178029148000,1,13.40000000,1.5000
1622178029148000,1,96.69604667,1.5000
1622178321868000,1,63.15446000,1.5000
1622179408744000,0,18.09748070,1.5107
1622179408744000,0,127.60083129,1.5112
1622179408744000,0,17.75264944,1.5130
1622179408744000,0,488.73973619,1.5406
1622180025109000,1,100.00000000,1.5000
1622180025109000,1,32.41403857,1.5000
1622180141890000,0,19.99986666,1.5423
1622180362456000,1,19.99986666,1.5000
1622180371133000,1,100.00000000,1.5000
1622180371133000,1,310.42602454,1.5000
1622180495942000,1,52.41307000,1.5000
1622180569050000,0,20.00000000,1.5300
1622181125260000,1,596.55471514,1.5000
1622181341455000,1,100.00000000,1.5000
1622181341455000,1,3911.49610508,1.5000
1622181341455000,1,20.00000000,1.5000
1622181341455000,1,968.54652708,1.5000
1622181686349000,1,30.00000000,1.5000
1622182232433000,1,100.00000000,1.5000
1622182234317000,0,13.33991107,1.5000
1622182236651000,1,1091.45347292,1.5000
1622182236651000,1,50.00000000,1.5000
1622182236651000,1,200.00000000,1.5000
1622182236651000,1,100.00000000,1.5000
1622182237020000,0,43.99970667,1.5000
1622182371604000,1,100.00000000,1.4800
1622182372205000,0,20.00000000,1.4800
1622182708860000,1,700.00000000,1.4800
1622182708860000,1,19.99999325,1.4800
1622182712974000,1,0.00000675,1.4800
1622182712974000,1,90.61263150,1.4781
1622182713768000,1,50.36054421,1.4700
1622182713768000,1,100.00000000,1.4650
1622182713768000,1,136.51877000,1.4650
1622182713768000,1,100.00000000,1.4600
1622182713768000,1,13.86206896,1.4500
1622182713768000,1,20.00000000,1.4500
1622182713768000,1,35.00000000,1.4500
1622182713768000,1,195.00000000,1.4300
1622182713768000,1,42.79545454,1.4300
1622182713768000,1,192.55270961,1.4226
1622182713768000,1,202.43364153,1.4226
1622182713768000,1,303.18042303,1.4206
1622182714640000,1,40.43124999,1.4206
1622182714709000,1,38.23065905,1.4206
1622182714709000,1,579.72416099,1.4132
1622182714709000,1,1449.39145062,1.4122
1622182714709000,1,824.56053083,1.4114
1622182714827000,0,104.56065000,1.4293
1622182715064000,0,99.76156852,1.4293
1622182715064000,0,100.89715948,1.4311
1622182719908000,0,13.98186061,1.4311
1622182720269000,0,131.23225135,1.4301
1622182722877000,0,13.98186061,1.4645
1622182723403000,1,160.73657928,1.4300
1622182724908000,1,62.98237000,1.4300
1622182724908000,1,61.91612000,1.4300
1622182724908000,1,35.83808900,1.4300
1622182727511000,1,24.46342100,1.4300
1622182727511000,1,100.00000000,1.4200
1622182727511000,1,20.63612816,1.4200
1622182727533000,1,58.03981967,1.4200
1622182730454000,1,58.03533728,1.4192
1622182730456000,1,133.43693526,1.4192
1622182735251000,0,14.09959202,1.4179
1622182735366000,0,42.98226453,1.4179
1622182735710000,0,0.98887940,1.4179
1622182735710000,0,27.19621210,1.4189
1622182761520000,0,200.00000000,1.4339
1622182761520000,0,195.07685104,1.4339
1622182766973000,0,381.64283603,1.4358
1622183022981000,1,94.52161000,1.4334
1622183023171000,1,94.38665000,1.4334
1622183452238000,0,42.98226453,1.4474
1622183452238000,0,0.98887940,1.4476
1622183452238000,0,27.19621210,1.4476
1622183452238000,0,14.09959202,1.4523
1622183452238000,0,51.20768043,1.4789
1622183507163000,1,15.62898931,1.4153
1622183718579000,1,100.00000000,1.4164
1622183718579000,1,195.21674234,1.4164
1622183718579000,1,174.01114508,1.4155
1622183723518000,0,150.85841277,1.4298
1622183731248000,0,195.71323365,1.4287
1622183775450000,0,33.28657998,1.4173
1622184309873000,0,50.01530000,1.4451
1622184309873000,0,23.29790427,1.4471
1622184309873000,0,93.96409755,1.4797
1622184309873000,0,1185.84734928,1.4799
1622184931208000,1,136.47462848,1.4184
1622185233931000,1,100.00000000,1.4214
1622185233931000,1,23.36603000,1.4213
1622186743285000,1,102.78914000,1.4500
1622186743659000,1,97.21086000,1.4500
1622186743861000,0,0.54890000,1.4500
1622186743861000,0,20.14075517,1.4500
1622186811791000,1,92.52282608,1.4367
1622186900983000,0,67.64572580,1.4783
1622187123356000,1,50.00000000,1.4660
1622187507157000,1,100.00000000,1.4500
1622187514230000,1,73.61750976,1.4400
1622187514230000,1,16.37395418,1.4400
1622187528667000,1,35.90600065,1.4400
1622187535557000,1,56.61682543,1.4400
1622187634113000,1,89.88476313,1.4400
1622187808461000,1,92.52282609,1.4400
1622187817052000,1,6979.22930692,1.4400
1622188130810000,1,300.14784500,1.4367
1622188130957000,1,617.17192700,1.4367
1622188131108000,1,1997.06677600,1.4367
1622188131119000,1,59.61345200,1.4367
1622188131119000,1,3837.22188100,1.4367
1622188154780000,1,59.72238000,1.4367
1622188560478000,0,255.11418911,1.4699
1622191501116000,1,136.31797223,1.4388
1622192109904000,1,1242.68168279,1.4367
1622192124118000,1,0.00000718,1.4367
1622192124118000,1,140.59218669,1.4350
1622192130069000,0,13.94434804,1.4350
1622192262584000,1,70.34333377,1.4219
1622192271590000,0,37.27511851,1.4219
1622192323931000,1,2974.00000000,1.4105
1622192323931000,1,100.00000000,1.4105
1622192324227000,0,1138.84335697,1.4104
1622192471417000,0,13.79310344,1.4500
1622192997772000,1,96.67077066,1.4100
1622193382968000,1,100.00000000,1.4100
1622193382968000,1,100.00000000,1.4100
1622193382968000,1,98.00000000,1.4100
1622193382968000,1,25.00000000,1.4100
1622193382968000,1,14.35714285,1.4000
1622193382968000,1,20.00000000,1.4000
1622193382968000,1,5309.81871448,1.4000
1622193383222000,1,4690.18128552,1.4000
1622193383222000,1,40.00000000,1.4000
1622193383222000,1,14.50000000,1.4000
1622193383222000,1,68.03137608,1.4000
1622193383222000,1,168.12647600,1.3889
1622193383222000,1,204.05714675,1.3604
1622193383222000,1,203.83572855,1.3599
1622193383222000,1,739.04588284,1.3502
1622193383222000,1,1563.02388000,1.3502
1622193383222000,1,1848.76319438,1.3502
1622193383222000,1,14.88888888,1.3500
1622193383222000,1,200.00000000,1.3500
1622193383222000,1,535.83019433,1.3500
1622193383943000,0,352.79659212,1.3716
1622193383968000,1,124.69451447,1.3713
1622193384355000,1,77.71701005,1.3713
1622193384493000,0,419.82391202,1.3590
1622193384864000,0,14.29285714,1.3590
1622193386960000,0,64.18833979,1.3590
1622193396190000,1,100.00000000,1.3630
1622193396190000,1,203.59945329,1.3623
1622193406457000,0,95.43559444,1.3740
1622193406457000,0,52.06192556,1.3783
1622193408294000,0,0.00000460,1.3783
1622193408294000,0,53.91460223,1.3783
1622193408294000,0,143.51675277,1.3783
1622193408420000,0,164.21215812,1.3757
1622193408420000,0,177.68620281,1.3783
1622193408670000,0,53.85133571,1.3757
1622193408670000,0,29.36626697,1.3783
1622193408670000,0,80.99454930,1.3783
1622193412484000,0,40.63064566,1.3759
1622193414669000,0,58.29893187,1.3759
1622193414669000,0,35.92156468,1.3759
1622193414669000,0,87.91288000,1.3759
1622193416459000,0,31.97906825,1.3759
1622193416754000,0,0.10356053,1.3759
1622193416754000,0,31.97906825,1.4033
1622193416754000,0,99.75282785,1.4058
1622193416859000,0,128.75540571,1.4058
1622193416859000,0,32.08261390,1.4058
1622193418710000,1,100.00000000,1.3650
1622193420218000,0,599.99998842,1.3636
1622193423053000,0,0.00001158,1.3636
1622193423053000,0,14.82106842,1.3752
1622193429680000,0,14.88888888,1.4040
1622193435499000,0,82.09465088,1.4040
1622193435499000,0,14.88888888,1.4040
1622193435499000,0,100.00000000,1.4058
1622193440636000,0,40.63064566,1.4058
1622193440636000,0,19.85135436,1.4058
1622193440636000,0,49.62838591,1.4058
1622193440636000,0,18.88912024,1.4058
1622193441118000,0,110.11037004,1.4058
1622193441574000,0,0.00001920,1.4058
1622193446109000,0,20.02686657,1.4200
1622193528753000,1,3.01644864,1.4058
1622193528753000,1,60.96237340,1.3767
1622193532248000,1,183.11205226,1.3768
1622193532760000,1,100.00000000,1.3768
1622193532760000,1,37.88521138,1.3768
1622193645206000,0,17.49928252,1.4286
1622194842057000,0,50.00000000,1.4268
1622194896371000,0,69.93447140,1.4299
1622197426367000,0,33.23281863,1.4293
1622197921418000,1,15.00000000,1.3804
1622198903323000,1,17.97897792,1.3791
1622199031062000,0,55.31853882,1.4298
1622199614185000,0,199.99998821,1.3900
1622200665945000,0,0.00001179,1.3900
1622200665945000,0,100.00000000,1.4019
1622200665945000,0,81.89734556,1.4020
1622200718590000,1,21.89735735,1.3675
1622200718765000,1,77.56874904,1.3675
1622200718765000,1,100.00000000,1.3675
1622200718765000,1,81.17035846,1.3675
1622200810732000,0,76.99398405,1.3793
1622200810732000,0,0.73731595,1.4075
1622203249912000,1,100.00000000,1.3500
1622203249912000,1,464.16980567,1.3500
1622203249912000,1,14.88888888,1.3500
1622203249912000,1,100.00000000,1.3300
1622203249912000,1,130.00000000,1.3200
1622203249912000,1,200.55625485,1.3127
1622203249912000,1,204.21569495,1.3117
1622203249912000,1,401.17721579,1.3112
1622203249912000,1,250.00000000,1.3100
1622203249912000,1,765.60956285,1.3024
1622203249912000,1,1916.91777269,1.3024
1622203249912000,1,672.96056198,1.3024
1622203250135000,1,39.29734127,1.3024
1622203250189000,1,16.30140648,1.3024
1622203250231000,1,853.66725225,1.3024
1622203250231000,1,100.00000000,1.3023
1622203250231000,1,15.46153846,1.3000
1622203250231000,1,117.22115384,1.3000
1622203250231000,1,15.50000000,1.3000
1622203250231000,1,251.27470655,1.3000
1622203250962000,0,203.25983637,1.3216
1622203251100000,0,0.00001685,1.3216
1622203251100000,0,205.23072011,1.3217
1622203251252000,0,0.00000515,1.3217
1622203251273000,0,393.66666059,1.3237
1622203255670000,1,100.00000000,1.3217
1622203255670000,1,9.70664748,1.3217
1622203261252000,1,26.90270292,1.3217
1622203373222000,1,75.34977989,1.3319
1622203410303000,1,174.64037344,1.3328
1622203545251000,1,20.02686657,1.3500
1622203607716000,0,14.14000000,1.3520
1622203610611000,0,28.97711761,1.3520
1622203610611000,0,8.00567799,1.3520
1622203611168000,0,27.36726875,1.3520
1622203611672000,0,37.06984729,1.3520
1622203611672000,0,188.35125871,1.3520
1622203611950000,0,20.19530607,1.3520
1622203611950000,0,50.48826517,1.3520
1622203611950000,0,104.86676934,1.3520
1622203709549000,0,15.02000000,1.3520
1622203744100000,0,0.44153846,1.3520
1622203962933000,1,148.80862572,1.3664
1622204007779000,0,27.36726875,1.3789
1622204007779000,0,28.97711761,1.3790
1622204007779000,0,8.00567799,1.3790
1622204124832000,1,100.00000000,1.3815
1622204124832000,1,163.64361009,1.3815
1622204131657000,0,18.20089998,1.3911
1622204398099000,1,66.72264000,1.3743
1622204646110000,1,33.50000000,1.3765
1622206104148000,1,15.00000000,1.3900
1622206191715000,0,15.00000000,1.3949
1622206198569000,1,28.87074949,1.3833
1622206240559000,0,12.93185945,1.3949
1622206240559000,0,4.67769645,1.3963
1622206747428000,0,71.43010207,1.4000
1622206852740000,0,142.86632666,1.4000
1622206854514000,0,209.02416675,1.4000
1622206875834000,0,195.34604588,1.4000
1622206914878000,0,494.44110000,1.4000
1622206917142000,0,305.07420947,1.4000
1622206919921000,0,117.22114800,1.4000
1622206920126000,0,0.00000584,1.4000
1622206920126000,0,14.88888888,1.4040
1622206920126000,0,68.93740528,1.4060
1622206932677000,0,15.60000000,1.4060
1622206995063000,0,149.57744000,1.4060
1622207046129000,0,0.00000488,1.4060
1622207333978000,0,191.94864000,1.4227
1622207334201000,0,158.88941769,1.4211
1622207584448000,0,39.41727442,1.4181
1622207584448000,0,100.00000000,1.4384
1622207584448000,0,99.46610639,1.4384
1622207584448000,0,1847.34270299,1.4384
1622207886638000,0,105.42679675,1.4441
1622210041774000,1,347.50349650,1.4300
1622211506002000,1,105.58758908,1.4146
1622212427814000,0,34.66300625,1.4425
1622213073909000,1,0.00001413,1.4146
1622213073909000,1,25.00000000,1.4000
1622213073909000,1,44.99998587,1.3975
1622218376683000,1,102.30604617,1.3980
1622218380730000,1,750.00000000,1.3980
1622218534575000,1,216.59050049,1.3649
1622220787685000,1,20.00000000,1.3900
1622220787685000,1,20.00000000,1.3800
1622220802550000,0,20.07409000,1.3800
1622220810831000,1,20.07409000,1.3700
1622221072822000,1,9.92591000,1.3700
1622221072822000,1,15.00000000,1.3500
1622221072822000,1,14.88888888,1.3500
1622221072822000,1,65.61199787,1.3456
1622221928788000,1,20.00000000,1.3700
1622221928788000,1,0.05489000,1.3608
1622222037012000,1,84.74212802,1.3608
1622222037012000,1,20.00000000,1.3600
1622222037012000,1,0.05531198,1.3516
1622222116546000,1,100.00000000,1.3516
1622222116546000,1,427.05010187,1.3516
1622222116546000,1,20.00000000,1.3500
1622222116546000,1,212.58198604,1.3432
1622222116546000,1,15.02000000,1.3340
1622222116546000,1,365.80852722,1.3213
1622222517438000,0,73.75392739,1.3559
1622222528000000,0,36.87696370,1.3556
1622222797101000,0,21.96981347,1.3655
1622223229666000,0,176.21706265,1.3666
1622223323406000,0,69.37040877,1.3695
1622224262240000,0,14.59949923,1.3699
1622224958042000,1,22.23143409,1.3611
1622225575102000,1,100.00000000,1.3502
1622225575102000,1,115.71322510,1.3502
1622226792198000,0,185.77298110,1.3824
1622229301094000,0,19.38763703,1.3828
1622229303488000,0,17.48932667,1.3828
1622229308420000,1,17.48932667,1.3807
1622229389904000,0,22.23143409,1.3880
1622229389904000,0,49.38942120,1.4000
1622229447942000,0,35.72883245,1.3994
1622229730680000,0,17.90087213,1.3966
1622230276097000,0,900.00000000,1.3899
1622231382947000,1,22.67026177,1.3612
1622231382947000,1,100.00000000,1.3593
1622231382947000,1,213.40588471,1.3593
1622231382947000,1,212.95769860,1.3586
1622231382947000,1,388.33623962,1.3571
1622231383196000,0,12046.32956967,1.3569
1622231384389000,0,208.09349049,1.3649
1622231384631000,0,0.00001743,1.3649
1622231384631000,0,207.97694201,1.3656
1622231384655000,0,0.00003098,1.3656
1622231384655000,0,320.25890764,1.3677
1622232214989000,0,211.48508029,1.3700
1622232227708000,0,209.54765693,1.3700
1622232228508000,0,336.89554744,1.3700
1622232236676000,1,100.00000000,1.3693
1622232237761000,0,21.57031925,1.3700
1622232490920000,0,100.00000000,1.3700
1622232490920000,0,1720.50139609,1.3700
1622232536878000,1,125.11268100,1.3709
1622233983243000,1,213.90673538,1.3710
1622234002516000,1,193.37991669,1.3710
1622234069097000,1,400.68556359,1.3592
1622234075329000,0,41.93550760,1.3566
1622234078612000,0,18.15987530,1.3560
1622234078612000,0,30.49152269,1.3566
1622234086114000,1,24.07079981,1.3525
1622234149192000,1,175.92920019,1.3525
1622234181077000,1,84.28677490,1.3502
1622234183381000,1,20.00000000,1.3500
1622234795372000,1,20.00000000,1.3400
1622234795372000,1,1201.03731343,1.3400
1622235150003000,1,20.00000000,1.3300
1622235157768000,1,20.00000000,1.3200
1622235158332000,1,100.00000000,1.3184
1622235158332000,1,400.00000000,1.3184
1622235250360000,1,100.00000000,1.3163
1622235250360000,1,168.17179617,1.3163
1622235444988000,0,33.42677637,1.3157
1622235446572000,0,37.98497314,1.3157
1622235457408000,0,15.20828741,1.3147
1622235465238000,1,401.32716119,1.3104
1622235465238000,1,20.00000000,1.3100
1622235610823000,0,2078.67283881,1.3100
1622235721774000,1,100.00000000,1.3076
1622235723782000,1,208.54568950,1.3042
1622235726462000,1,104.45131571,1.3040
1622235726504000,1,115.50599266,1.3040
1622235928559000,0,72.51908396,1.3100
1622235974695000,0,100.00000000,1.3100
1622235975532000,0,22.08480566,1.3100
1622235976022000,0,2305.39611038,1.3100
1622236199334000,1,15.42000000,1.3011
1622236199334000,1,501.25128000,1.3010
1622236211394000,1,207.09505300,1.3010
1622236211396000,1,167.33228700,1.3010
1622236211397000,1,128.29698610,1.3010
1622236211403000,1,207.09505216,1.3010
1622236211937000,1,271.41922919,1.3010
1622236237543000,1,421.61499000,1.3010
1622236246379000,1,232.31973000,1.3010
1622236246690000,1,111.40339800,1.3010
1622236247690000,1,3010.96351164,1.3010
1622236263118000,1,200.00000000,1.3002
1622236265404000,1,15.46153846,1.3000
1622236265404000,1,15.50000000,1.3000
1622236265404000,1,25.00000000,1.3000
1622236265404000,1,20.00000000,1.3000
1622236265404000,1,80.23867359,1.3000
1622236265500000,1,100.00000000,1.2920
1622236265500000,1,516.36222910,1.2920
1622236265500000,1,3037.00000000,1.2870
1622236265500000,1,15.68000000,1.2869
1622236265500000,1,204.62436861,1.2865
1622236265500000,1,208.04162671,1.2855
1622236265500000,1,3120.00000000,1.2838
1622236265500000,1,5020.10322788,1.2829
1622236572809000,0,2500.00000000,1.3000
1622236573344000,1,83.82630000,1.2987
1622236600121000,1,54.04834872,1.2986
1622236620895000,0,100.00000000,1.2969
1622236620895000,0,56.52546032,1.2969
1622236700501000,1,100.00000000,1.2978
1622236700501000,1,15.20000000,1.2978
1622236738821000,1,41.99680287,1.2993
1622236745887000,1,100.00000000,1.2942
1622237033498000,0,33.99704844,1.2925
1622237038020000,0,29.40129675,1.2923
1622237171700000,0,77.72242214,1.2866
1622237268709000,0,203.15555556,1.2826
1622237268789000,0,0.11880774,1.2826
1622237285086000,0,77.93807040,1.2831
1622237291095000,0,15.59540789,1.2831
1622237315077000,0,34.57306124,1.2831
1622237315893000,0,20.85589561,1.2831
1622237343324000,0,100.00000000,1.2860
1622238073892000,1,100.00000000,1.2850
1622238073892000,1,992.20245599,1.2850
1622238076206000,1,100.00000000,1.2850
1622238076206000,1,1000.00000000,1.2850
1622238076334000,0,100.00000000,1.2850
1622238078818000,1,77.96626997,1.2825
1622238078818000,1,25.00000000,1.2825
1622238091251000,0,30.77029456,1.3016
1622238513260000,1,19.15506855,1.2850
1622238580665000,0,154.39127380,1.2954
1622239026993000,1,185.77298110,1.2829
1622239519194000,0,54.92077942,1.2998
1622239519381000,1,510.85087775,1.2998
1622240517145000,1,410.38030902,1.2890
1622241799333000,0,2002.12870547,1.2970
1622241799425000,0,77.10338021,1.2970
1622241800296000,0,77.10397471,1.2969
1622241804658000,0,2297.80012000,1.2969
1622243000521000,0,100.00000000,1.2969
1622243000521000,0,132.23505644,1.2969
1622243238772000,0,79.08781495,1.2970
1622243238772000,0,67.21362665,1.3006
1622244448761000,0,200.00000000,1.3123
1622244628672000,1,100.00000000,1.3054
1622244628672000,1,100.00000000,1.3054
1622244881387000,0,29.40129675,1.3182
1622245286984000,1,424.12120344,1.3165
1622245343276000,1,51.50820200,1.3127
1622245437832000,1,77.26230301,1.3155
1622245478565000,0,33.99704844,1.3201
1622245478565000,0,0.03992156,1.3244
