timestamp ms,type,amount,price
1628381752363000,0,1167.63376640,1.6241
1628381752374000,0,1167.63376640,1.6241
1628381752375000,0,1167.63376640,1.6241
1628381993046000,1,48.66247833,1.6299
1628381993046000,1,4.63604273,1.6292
1628382735121000,0,219.29412636,1.6128
1628382736832000,1,50.35431681,1.6105
1628382736832000,1,48.90710963,1.6101
1628382736832000,1,27.73882756,1.6097
1628386002805000,0,219.05906261,1.6029
1628386376848000,1,68.90120362,1.5844
1628386376887000,1,0.00000001,1.5844
1628387443849000,0,77.40431654,1.5776
1628387833718000,0,335.00000000,1.5747
1628389497268000,1,15.00000000,1.5680
1628396994626000,1,12.50000000,1.6000
1628404726370000,1,48.24570041,1.6156
1628404726370000,1,157.39616240,1.6152
1628404726370000,1,50.91406330,1.6151
1628404726370000,1,50.48431602,1.6146
1628404726370000,1,52.29276105,1.6143
1628404951820000,1,50.76017191,1.6201
1628404951820000,1,235.46055710,1.6195
1628404951820000,1,48.76335371,1.6194
1628404951820000,1,24.34892045,1.6186
1628406033441000,1,431.21253834,1.6200
1628406147517000,0,49.85704966,1.6216
1628406147517000,0,11.65696808,1.6218
1628406957949000,0,12.50000000,1.6200
1628407517845000,1,15.00000000,1.6230
1628410794185000,0,60.69082798,1.6011
1628411433584000,0,557.47811000,1.6031
1628411433584000,0,223.42055844,1.6031
1628411433584000,0,49.99322485,1.6031
1628411433584000,0,48.82911070,1.6032
1628411433584000,0,120.27899601,1.6036
1628411438284000,0,48.33312951,1.6028
1628411438284000,0,218.84937007,1.6035
1628411438284000,0,732.81750042,1.6035
1628411439122000,0,49.46736512,1.6030
1628411439122000,0,11.64126770,1.6035
1628411439187000,1,50.58799934,1.5988
1628411439187000,1,1440.98551360,1.5985
1628411439254000,1,745.78675647,1.5985
1628411439324000,1,50.73969717,1.5989
1628411439324000,1,88.29272993,1.5985
1628411439324000,1,48.61444594,1.5984
1628411439324000,1,557.13988344,1.5981
1628411439388000,0,49.56562053,1.6030
1628411439388000,0,11.73180069,1.6035
1628411439979000,1,48.57830399,1.5989
1628411439979000,1,13.52674333,1.5981
1628411460272000,0,15.32792564,1.6013
1628411460473000,1,17.54478769,1.5972
1628412079409000,0,15.00000000,1.5993
1628412740163000,1,15.00000000,1.5950
1628413137841000,1,15.00000000,1.5872
1628413191625000,1,15.00000000,1.5850
1628413288542000,0,31.28265127,1.5917
1628413716195000,0,31.18587405,1.5953
1628414051061000,1,15.00172519,1.5993
1628414597593000,0,15.00000000,1.5950
1628414614972000,0,15.00000000,1.5963
1628414918479000,1,50.00000000,1.5979
1628415871897000,0,15.00000000,1.6050
1628417294813000,0,124.54583195,1.6018
1628417295182000,1,13.74312843,1.6008
1628417641559000,0,312.17420624,1.5955
1628417971529000,1,48.06107918,1.5839
1628417971927000,0,1145.90449616,1.5839
1628418943396000,1,15.00000000,1.5800
1628419024446000,1,794.68081318,1.5798
1628419425628000,1,794.68081317,1.5719
1628427118720000,0,49.52498817,1.5793
1628427119185000,1,0.21129240,1.5793
1628428147199000,1,15.00000000,1.5775
1628428513870000,0,31.56007776,1.5756
1628429531213000,0,230.47205784,1.5741
1628429531213000,0,51.75254078,1.5745
1628429531213000,0,1298.89996284,1.5749
1628429658224000,1,15.00000000,1.5700
1628430640681000,0,240.68341799,1.5702
1628430640681000,0,49.79864574,1.5702
1628430640681000,0,134.66888655,1.5706
1628430640681000,0,49.28818298,1.5710
1628430640681000,0,810.95939186,1.5714
1628430640681000,0,39.22614064,1.5725
1628430640681000,0,712.65580405,1.5725
1628430640681000,0,34.00000000,1.5726
1628430640681000,0,673.51093833,1.5734
1628430640681000,0,406.31298870,1.5734
1628432817236000,1,49.35859259,1.5534
1628432817236000,1,51.49317954,1.5529
1628432817236000,1,93.08134305,1.5526
1628432988176000,1,15.00000000,1.5500
1628432988176000,1,13.00000000,1.5500
1628433616676000,0,15.00000000,1.5440
1628433651681000,1,15.00000000,1.5400
1628433699233000,1,15.00000000,1.5378
1628433735246000,1,15.00000000,1.5380
1628433795451000,1,15.00000000,1.5350
1628434654737000,1,212.24836601,1.5300
1628434654737000,1,150.00000000,1.5300
1628434763940000,1,100.00000000,1.5236
1628434820766000,1,83.33828519,1.5246
1628434860891000,1,15.00000000,1.5275
1628434870826000,1,15.00000000,1.5250
1628436646461000,1,51.65352719,1.5110
1628436646461000,1,590.86628000,1.5110
1628436646461000,1,242.70562690,1.5110
1628436646461000,1,48.36368477,1.5106
1628436646461000,1,648.53544260,1.5105
1628437225789000,0,35.95050023,1.5283
1628437538141000,0,81.61746951,1.5247
1628437701290000,1,26.68550197,1.5213
1628439662159000,0,130.15410246,1.5290
1628439822119000,0,226.45353396,1.5312
1628442138324000,1,503.92809587,1.5020
1628442245820000,1,13.50000000,1.5000
1628442245820000,1,18.92666666,1.5000
1628442245820000,1,33.33333334,1.5000
1628442245977000,1,49.52609930,1.4963
1628442245977000,1,490.47390070,1.4962
1628442426191000,1,1239.05803103,1.4924
1628442426246000,1,340.07439798,1.4936
1628442595394000,1,224.21538941,1.4893
1628442922643000,0,5687.31600967,1.4895
1628442923156000,0,5686.22080144,1.4898
1628444354526000,0,593.13809000,1.5023
1628444354526000,0,559.49474255,1.5027
1628444354530000,0,288.83469378,1.5027
1628445005194000,1,595.30257000,1.4997
1628445005213000,1,84.71106007,1.4990
1628445005368000,1,51.86601381,1.4949
1628445005368000,1,49.11909604,1.4942
1628445005368000,1,25.92426515,1.4925
1628445056156000,1,4239.20962199,1.4936
1628445478558000,0,48.93110860,1.4966
1628445478558000,0,49.60522104,1.4967
1628445478558000,0,34.38759800,1.4971
1628446546420000,0,21.06536243,1.4990
1628447756172000,1,51.40626669,1.4947
1628447756172000,1,597.36188000,1.4945
1628447756172000,1,232.75662410,1.4945
1628447756172000,1,1150.11369961,1.4945
1628448284414000,1,1245.35197681,1.4894
1628448284417000,1,1245.35197681,1.4894
1628448285060000,1,1245.35195479,1.4883
1628448649028000,0,323.28600000,1.4909
1628448649966000,0,0.00008378,1.4909
1628450626523000,0,993.88195184,1.4695
1628451339629000,0,48.66041550,1.4821
1628451339629000,0,48.37258391,1.4825
1628451339629000,0,6526.33000000,1.4827
1628451339629000,0,49.00012253,1.4831
1628451339629000,0,48.89613731,1.4831
1628451346797000,0,33.20635135,1.4839
1628451834879000,1,49.31373046,1.4809
1628451840760000,0,51.59170217,1.4806
1628451842711000,0,1570.98171355,1.4806
1628452360863000,0,24.14988088,1.4704
1628453432088000,0,49.60033902,1.4799
1628453432088000,0,84.96290234,1.4801
1628454255852000,1,788.77390842,1.4843
1628456544678000,0,54.92599888,1.4846
1628456587961000,0,0.00000001,1.4846
1628457456787000,0,18.39915935,1.4867
1628466106357000,1,3370.83892617,1.4900
1628474139927000,0,31.38709963,1.4677
1628479944529000,0,48.72578813,1.4866
1628479944529000,0,50.43377510,1.4869
1628479944529000,0,580.67829531,1.4873
1628482057338000,1,19.01109989,1.4865
1628482120149000,1,19.01815736,1.4870
1628485006737000,1,90.08674619,1.4910
1628486885509000,0,23.77438270,1.5028
1628487768362000,0,852.50655157,1.4973
1628487768362000,0,36.00000000,1.4984
1628487768362000,0,47.53678143,1.4989
1628487768362000,0,230.02670687,1.4990
1628487768362000,0,739.37110136,1.4993
1628487768362000,0,1422.29212215,1.4997
1628488279863000,1,235.85775381,1.4860
1628488300635000,1,238.00103876,1.4847
1628492990030000,1,242.75896868,1.4846
1628493125818000,1,230.33087469,1.4885
1628493297094000,1,223.74645667,1.4882
1628493419379000,1,248.62599193,1.4844
1628493497589000,1,227.41638486,1.4839
1628493867476000,1,224.56459674,1.4811
1628493872307000,1,240.09617533,1.4792
1628495322865000,1,223.63539642,1.5011
1628496167723000,0,16.00000000,1.5139
1628497021862000,0,129.45013042,1.5373
1628497125507000,0,13.50000000,1.5500
1628497125507000,0,825.55897662,1.5586
1628497125588000,0,49.88339627,1.5509
1628505762194000,0,49.39053958,1.5910
1628505762194000,0,223.37373972,1.5913
1628505762194000,0,51.28751081,1.5916
1628505762194000,0,2810.47822161,1.5920
1628506180263000,1,321.67648128,1.5796
1628506356775000,0,30.16382729,1.5834
1628506360466000,0,39.04941897,1.5834
1628508088021000,1,343.22919289,1.5889
1628508416745000,1,39.04941897,1.5885
1628509237690000,1,2275.06500000,1.5797
1628509237690000,1,1052.66826338,1.5795
1628509329136000,1,134.56324136,1.5795
1628510356097000,1,49.73628057,1.5859
1628510380319000,0,30.88036456,1.5898
1628510846275000,1,20.03510150,1.5804
1628511261847000,1,35.95050023,1.5755
1628511599203000,1,50.26192598,1.5683
1628511599203000,1,13.00358672,1.5679
1628513715234000,1,51.74752551,1.5751
1628513715234000,1,74.11664191,1.5749
1628514101708000,0,15.73207644,1.5891
1628516356145000,1,3134.53001172,1.5893
1628517176509000,1,96.64300808,1.5807
1628518394672000,1,234.65665136,1.5785
1628518871816000,0,50.72549856,1.5946
1628518871816000,0,51.21754308,1.5951
1628518871937000,1,1829.70344852,1.5951
1628519709102000,1,620.67276391,1.5772
1628519709342000,1,1931.64649016,1.5772
1628521106804000,0,788.77390000,1.5735
1628521113149000,0,0.00000842,1.5735
1628522331964000,0,29.93669223,1.5992
1628523281798000,0,13.00000000,1.6000
1628523529744000,1,50.44549112,1.6071
1628523529744000,1,30.49866046,1.6070
1628524232634000,0,15.39314082,1.6175
1628524728667000,0,241.88031661,1.6200
1628525508776000,1,12.50000000,1.6000
1628526543358000,1,200.00000000,1.6100
1628526723890000,1,36.11338511,1.6094
1628526739546000,0,35.63210725,1.6149
1628526791730000,1,35.63210725,1.6089
1628527379091000,1,15.00000000,1.6053
1628527804774000,0,15.00000000,1.6105
1628527829769000,0,15.00000000,1.6115
1628528304573000,0,76.80346156,1.6189
1628528410170000,0,15.00000000,1.6135
1628528794272000,1,50.15911804,1.6139
1628528794272000,1,50.71464434,1.6133
1628528794272000,1,25.38721697,1.6133
1628528901332000,0,48.31679811,1.6139
1628528901332000,0,151.68320189,1.6144
1628529005382000,1,15.91373483,1.6081
1628529300848000,0,679.83785854,1.6100
1628530002882000,0,15.00000000,1.6110
1628534549288000,1,31.12623801,1.6205
1628534745199000,0,30.70988981,1.6193
1628535608027000,0,244.81164251,1.6137
1628535852171000,0,1138.51800000,1.6120
1628536017458000,0,936.81510000,1.6120
1628536036531000,0,4144.66690000,1.6120
1628536727185000,1,49.18157804,1.6092
1628536727185000,1,12.33243970,1.6087
1628537702810000,1,35.00000000,1.6099
1628537704656000,1,31.38709963,1.6104
1628537771619000,1,50.47425974,1.6069
1628537771619000,1,793.87305006,1.6063
1628537771619000,1,155.65269020,1.6063
1628537809151000,0,50.49641736,1.6100
1628537809151000,0,179.70240114,1.6102
1628538286174000,0,1241.20198085,1.6094
1628539010168000,1,18.18793532,1.5897
1628540076533000,0,48.92181851,1.5999
1628540076533000,0,44.35303490,1.6004
1628540284450000,0,49.30124586,1.6036
1628540284450000,0,12.73426327,1.6036
1628540316122000,1,221.25403903,1.5998
1628541456692000,0,38.00000000,1.5839
1628541509406000,0,51.04912279,1.5843
1628541509406000,0,48.84105660,1.5851
1628541509406000,0,135.74127329,1.5851
1628542197865000,1,20.00000000,1.5780
1628542253751000,0,5000.00000000,1.5800
1628542424882000,0,22.82883417,1.5787
1628543845474000,1,13.00000000,1.5500
1628543845476000,1,312.88633161,1.5489
1628544193148000,0,77.41935483,1.5547
1628545169932000,0,53.15903606,1.5665
1628545452446000,0,18.70663980,1.5734
1628546502275000,0,18.78110322,1.5755
1628549599411000,1,50.20740113,1.5801
1628549599411000,1,48.28539912,1.5796
1628549599411000,1,137.13865243,1.5795
1628551409567000,0,13.00000000,1.6000
1628551426052000,1,51.71757617,1.5991
1628551426052000,1,152.70203266,1.5988
1628551850860000,0,51.23693676,1.5944
1628551850860000,0,11.09709887,1.5950
1628552164803000,0,52.30311696,1.5891
1628552164857000,0,805.48333674,1.5897
1628552164891000,0,35.00000000,1.5985
