timestamp ms,type,amount,price
1628208156286000,0,8.23620000,121.4900
1628208219225000,1,47.00000000,121.5000
1628208231284000,1,14.05811100,121.4400
1628208245110000,1,1.19675400,121.4600
1628208250949000,1,1.80510000,121.4900
1628208302624000,1,13.27527044,121.4000
1628208433984000,1,4.08759346,120.7700
1628208574910000,1,1.04000000,120.5200
1628208600386000,1,0.45000000,120.5000
1628208734276000,0,0.39122516,120.8000
1628208884573000,0,4.04289429,120.9800
1628208925028000,1,3.24913932,120.9000
1628208971504000,0,0.81295318,121.1400
1628209107274000,0,0.48923365,121.3600
1628209266315000,1,0.42068280,121.3200
1628209338788000,0,8.24618909,121.3700
1628209338788000,0,6.96469887,121.3700
1628209338788000,0,4.50000000,121.3900
1628209338788000,0,14.32657387,121.4000
1628209341962000,0,6.96460000,121.3700
1628209409520000,0,0.38958041,121.3100
1628209438407000,0,8.25400000,121.2200
1628209438484000,0,0.00002248,121.2200
1628209438484000,0,6.97177752,121.2300
1628209536299000,1,1.01500000,120.8100
1628209538275000,1,42.00000000,120.7900
1628209562577000,0,19.26500000,120.8300
1628209567354000,0,19.26500000,120.9000
1628209581187000,0,8.28600000,120.7700
1628209594729000,0,9.74990000,120.9500
1628209594770000,0,9.51510000,120.9500
1628209661279000,0,8.28280000,120.8400
1628209866861000,0,8.27968174,120.8700
1628209866861000,0,6.29354826,120.8700
1628209878049000,0,8.27754000,120.8900
1628209980670000,0,8.26694000,121.0400
1628210063228000,1,1.13038440,121.0000
1628210063307000,1,0.21720243,121.0000
1628210165384000,0,8.25464000,121.2100
1628210165512000,0,6.97504000,121.2200
1628210165568000,0,1.27935678,121.2200
1628210166069000,0,0.00008388,121.2300
1628210166069000,0,8.25251612,121.2400
1628210285681000,1,0.49900000,121.2100
1628210656058000,1,0.33273300,120.8700
1628210890381000,1,35.00000000,120.2900
1628210909168000,0,8.31230000,120.3900
1628210927122000,1,0.61300000,120.2200
1628211000234000,1,1.05526692,120.2300
1628211080112000,0,8.31060000,120.4200
1628211088167000,0,8.30510000,120.5000
1628211088407000,0,0.00004756,120.5000
1628211222605000,1,7.70970000,120.2100
1628211222729000,1,0.00001632,120.2100
1628211222767000,1,3.01570000,120.1800
1628211222895000,1,32.98430000,120.1800
1628211223353000,1,70.00000000,120.1700
1628211224085000,1,0.98000000,120.1100
1628211224085000,1,0.02000000,120.1100
1628211232725000,0,8.34190000,120.0400
1628211232759000,0,0.00009015,120.0400
1628211232759000,0,20.86430985,120.0500
1628211232778000,0,0.00015795,120.0500
1628211232778000,0,8.33854205,120.0600
1628211232787000,0,0.00016217,120.0600
1628211232787000,0,18.35083783,120.0700
1628211232835000,0,0.00016217,120.0700
1628211232835000,0,54.18833783,120.0900
1628211233372000,1,18.00000000,120.0500
1628211233372000,1,33.53546462,119.9300
1628211234138000,1,18.00000000,120.0200
1628211234138000,1,7.68518830,120.0100
1628211252506000,1,15.48000000,119.9300
1628211255411000,0,8.34276000,120.0100
1628211259058000,0,8.33680000,120.0400
1628211259266000,0,0.00009942,120.0400
1628211259753000,0,20.83820000,120.0600
1628211263963000,0,8.33422000,120.1800
1628211306756000,0,8.32593000,120.1900
1628211448766000,1,7.03210000,120.1300
1628211454251000,1,0.64900800,120.0400
1628211479116000,0,8.32990000,120.1500
1628211700234000,0,8.29046000,120.7000
1628211700270000,0,0.00000098,120.7000
1628211700384000,0,20.72711539,120.7400
1628211785697000,1,2.56840480,120.7600
1628211963504000,1,7.00734626,120.5600
1628211963504000,1,18.00000000,120.5600
1628211963504000,1,10.00000000,120.5600
1628211963504000,1,5.00000000,120.5400
1628211963504000,1,13.55088374,120.5300
1628212440269000,0,7.02505000,120.4000
1628212922817000,1,6.99849221,120.7400
1628212922817000,1,4.50000000,120.7200
1628212922817000,1,4.63555659,120.7100
1628213162492000,1,18.00000000,120.8600
1628213162492000,1,21.93230319,120.8500
1628213821017000,1,6.97320000,121.1800
1628214144769000,0,0.72037000,121.1300
1628214148847000,0,0.00000738,121.1300
1628214228570000,1,0.28997600,121.1300
1628214315257000,1,0.24733900,121.1900
1628214335972000,1,6.72959373,121.1900
1628214335972000,1,1.27030627,121.1900
1628214340419000,1,0.00018368,121.1900
1628214576266000,0,20.56719000,121.6500
1628214652991000,0,1.29048000,121.7000
1628214686886000,1,3.19139769,121.7200
1628214775835000,1,6.94556900,121.6400
1628214775835000,1,18.00000000,121.6400
1628214775835000,1,18.00000000,121.6200
1628214775835000,1,20.34800000,121.6200
1628214775835000,1,4.37353805,121.6200
1628214836045000,1,0.79278400,121.5600
1628214836633000,1,0.20687073,121.5600
1628214909233000,1,6.93503000,121.8300
1628215060081000,1,6.93586000,121.8300
1628215139031000,1,0.00000758,121.8300
1628215139031000,1,0.69460998,121.8000
1628215491942000,1,1.07967824,121.7600
1628215530979000,0,8.20291000,122.0100
1628215531720000,0,0.20375225,122.0600
1628215551566000,0,8.19636000,122.0800
1628215612502000,1,4.50000000,122.0900
1628215674174000,1,6.92204000,122.0800
1628215674216000,1,0.00000403,122.0800
1628215730459000,1,0.92454095,122.0500
1628216304782000,0,1.80823766,121.9000
1628216345359000,0,1.54672890,121.8900
1628216408808000,0,5.67779103,121.7300
1628216408809000,0,1.27271929,121.7300
1628216518308000,0,6.91550000,122.3500
1628216518565000,0,0.00000416,122.3500
1628216518565000,0,8.17737051,122.3700
1628216518774000,0,20.44047000,122.4000
1628216519006000,0,0.00000398,122.4000
1628216519006000,0,8.17756602,122.4000
1628217155052000,1,6.88510000,122.7500
1628217174366000,1,0.17107942,122.6200
1628217422958000,1,8.18060000,122.1600
1628217423153000,1,0.00002827,122.1600
1628217440281000,0,6.92686000,122.1600
1628217440624000,0,8.18953000,122.1900
1628217452314000,1,0.48412849,122.0400
1628217452314000,1,2.42309051,122.0300
1628217679519000,1,8.18303000,122.1000
1628217697541000,1,20.48574019,121.9400
1628217697541000,1,8.19389981,121.9400
1628217697652000,1,0.00000065,121.9400
1628217698046000,1,8.19715128,121.8900
1628217872883000,0,8.21820000,121.7500
1628218034061000,1,3.13112884,121.7800
1628218259798000,0,18.02840000,121.5000
1628218260644000,0,1.09865176,121.5900
1628218303360000,0,6.94673000,121.8000
1628218427936000,0,0.45593445,121.9300
1628218569802000,0,18.00000000,121.9200
1628218569802000,0,5.29635537,121.9300
1628218821779000,1,1.88170000,121.7400
1628218821866000,1,0.17100000,121.7400
1628218842433000,0,0.19870103,121.8400
1628218925208000,0,6.90064000,122.6100
1628218990000000,1,0.90568901,122.7600
1628219072236000,1,8.15035000,122.4700
1628219284423000,1,1.50000000,122.5900
1628219284423000,1,0.96219518,122.5800
1628219839124000,0,6.59761970,122.9000
1628219839743000,0,1.00000000,123.0000
1628219839743000,0,0.29000000,123.0000
1628219839743000,0,7.46670000,123.0000
1628219840011000,1,3.73256849,122.9700
1628219840569000,0,0.00008018,123.0000
1628219851480000,1,18.00000000,123.1000
1628219851480000,1,3.16853137,123.0900
1628219852657000,0,0.33273520,123.2800
1628219893117000,1,8.12050000,123.0700
1628219893120000,1,0.00007429,123.0700
1628219893240000,1,8.12057429,123.0500
1628219893240000,1,12.18182571,123.0400
1628219893270000,1,8.12057769,123.0400
1628219896413000,0,8.13886000,123.0300
1628219904552000,0,16.12749000,123.2700
1628219905308000,0,28.87251000,123.2700
1628219911327000,0,35.68584000,123.3300
1628219911377000,0,0.00000043,123.3300
1628219947302000,0,1.00000000,123.6000
1628219978821000,0,20.20640045,123.8400
1628219978821000,0,8.08269955,123.8400
1628219980351000,0,0.63884510,123.8700
1628219984844000,1,7.36139511,123.7800
1628220002048000,1,0.26125037,123.8800
1628220006961000,1,6.81865000,123.9100
1628220007167000,1,8.06555000,123.8900
1628220007809000,1,0.22624854,123.8400
1628220024541000,1,0.72120600,123.9100
1628220054487000,0,0.99999999,124.0000
1628220054621000,0,0.00000001,124.0000
1628220060110000,0,0.16609116,124.0300
1628220060181000,0,0.15746976,124.0800
1628220060181000,0,0.00693984,124.0800
1628220081571000,1,8.05684000,124.0400
1628220108459000,1,20.17591031,123.8000
1628220108459000,1,8.07114969,123.8000
1628220134773000,1,8.08329000,123.6200
1628220159261000,1,0.31660983,123.5700
1628220184890000,0,8.07328385,123.9300
1628220257079000,0,1.05083940,124.2400
1628220257131000,0,1.94916060,124.2400
1628220272021000,0,3.06779660,124.3300
1628220272031000,0,0.00000001,124.3300
1628220293136000,0,3.23497793,124.6500
1628220308677000,1,10.00000000,124.4500
1628220494026000,1,8.04510000,124.2200
1628220495295000,1,16.14576000,124.1800
1628220495375000,1,23.04518000,124.1800
1628220495441000,1,17.80906000,124.1800
1628220602195000,1,8.07050392,123.7800
1628220602411000,1,20.17688000,123.7700
1628220634976000,1,1.49599920,123.5400
1628220693185000,1,6.80468000,124.1600
1628220697713000,1,6.80647000,124.1400
1628220697888000,1,8.04940000,124.1500
1628220697889000,1,0.00005586,124.1500
1628220697902000,1,10.40261345,124.0800
1628220697915000,1,7.59187566,124.0800
1628220697917000,1,2.13009772,124.0800
1628220697917000,1,52.33113034,124.0800
1628220698863000,1,8.04945000,123.9500
1628220699101000,1,34.32814000,123.9300
1628220699155000,1,3.67186000,123.9300
1628220767545000,1,8.07011000,123.8300
1628220767661000,1,0.00000314,123.8300
1628220821976000,0,8.07918000,123.8400
1628220882961000,1,1.31485040,124.0300
1628221104505000,0,0.58983555,124.7000
1628221211998000,1,6.79147000,124.4100
1628221259924000,1,20.09838000,124.2500
1628221384432000,1,0.41840770,124.0500
1628221389399000,1,1.13458480,124.0900
1628221610600000,1,21.39674000,123.8300
1628221610685000,1,5.20652000,123.8300
1628221610878000,1,21.39674000,123.8300
1628221667687000,0,0.82590484,123.4600
1628221732548000,1,3.23497793,123.1100
1628221879261000,1,8.09900000,123.3600
1628222417880000,1,8.10175000,123.3500
1628222500570000,1,0.59186343,124.0300
1628222504465000,1,8.05840734,124.0100
1628222504828000,1,20.14826708,123.9600
1628222504828000,1,32.85173292,123.9500
1628222713554000,1,8.07415000,123.7500
1628223018350000,1,6.84644000,123.4300
1628223227178000,1,8.10806000,123.2300
1628223228896000,1,8.10806000,123.1300
1628223300916000,0,15.00000000,122.9500
1628223321642000,0,8.11582000,123.3000
1628223583135000,0,8.14345511,122.8800
1628223616935000,1,6.88292000,122.7700
1628223636925000,1,6.88551000,122.7200
1628223755519000,1,6.10000000,122.8400
1628223779487000,1,0.99832200,122.8500
1628224025371000,0,8.14265939,122.9100
1628224026050000,0,8.14000000,122.9600
1628224318181000,1,8.12572116,122.9800
1628224318181000,1,3.58803584,122.9600
1628224479385000,1,1.32844835,122.8700
1628224519831000,0,1.38562379,122.9900
1628224651115000,0,8.12624000,123.1400
1628224651305000,0,6.86957000,123.1600
1628224651325000,0,1.25615116,123.1600
1628224670441000,1,6.86236000,123.1700
1628224694901000,1,6.86621000,123.1100
1628224726880000,1,6.85858000,123.2400
1628224732528000,1,6.86060000,123.2200
1628224856033000,1,6.84558000,123.4800
1628224953151000,1,0.74960000,123.3400
1628224986064000,1,6.10334000,123.3400
1628225162094000,1,0.00000859,123.2200
1628225274979000,1,0.36400000,122.8300
1628225279523000,1,8.13900000,122.7600
1628225279740000,1,0.00008061,122.7600
1628225717952000,1,0.44284929,122.8500
1628225829234000,1,4.50000000,122.8800
1628226195823000,0,52.80450000,123.2200
1628226196156000,0,0.00001329,123.2200
1628226323443000,1,0.36100000,123.5300
1628226364210000,1,8.09916000,123.4000
1628226653916000,1,6.84148800,123.4900
1628226809166000,1,1.00000000,123.3500
1628226837821000,0,4.66065771,123.3100
1628226849600000,1,0.68203561,123.2200
1628226900482000,1,6.85709775,123.2200
1628226900482000,1,1.42640225,123.2200
1628226962003000,1,6.85013000,123.3600
1628226991849000,1,0.00000338,123.3600
1628226991849000,1,0.84499662,123.2700
1628227213788000,0,0.45874214,123.0400
1628227717774000,0,1.86263700,123.0200
1628227731291000,1,6.87483000,122.9100
1628227731409000,1,0.00000671,122.9100
1628227731409000,1,8.13179329,122.8800
1628227731629000,1,0.00000693,122.8800
1628227731629000,1,47.00000000,122.8700
1628227732395000,1,8.13180000,122.8300
1628227772068000,1,4.37114000,122.8600
1628227922520000,0,3.21939728,123.1100
1628227999018000,1,6.74461100,123.1300
1628228427254000,1,1.52645250,123.3800
1628228458572000,1,0.18857097,123.3700
1628228546388000,0,0.39595900,123.4900
1628228569351000,1,3.21939728,123.3700
1628228640568000,1,4.68574577,123.4800
1628228760308000,1,6.84622000,123.4400
1628228874153000,1,8.10648000,123.2800
1628228874207000,1,0.00000681,123.2800
1628229027724000,0,0.39624776,123.5900
1628229048757000,1,6.84170812,123.5100
1628229048757000,1,34.20280762,123.5000
1628229048757000,1,8.09349607,123.4800
1628229048757000,1,31.08224726,123.4700
1628229048757000,1,18.53800000,123.4700
1628229048757000,1,20.23754963,123.4400
1628229048757000,1,10.00000000,123.4400
1628229048757000,1,51.00000000,123.4300
1628229048757000,1,0.49506532,123.4300
1628229048757000,1,30.16154842,123.4300
1628229175579000,1,1.00017000,123.6800
1628229295366000,0,0.26672357,123.7300
1628229344430000,1,4.10164902,123.5700
1628229537865000,0,0.25507809,123.6700
1628229579440000,1,1.78188465,123.6300
1628229637376000,0,15.58096485,123.6300
1628229678599000,1,6.83654000,123.6100
1628229719650000,1,1.94715000,123.4800
1628229806416000,0,18.00000000,123.5100
1628229806472000,1,2.00000000,123.5100
1628230001488000,0,0.27106790,123.4700
1628230002423000,1,4.66263504,123.3700
1628230214466000,0,6.84393305,123.5900
1628230214466000,0,0.02797988,123.6000
1628230351118000,1,0.30059290,123.4700
1628230414042000,1,0.76971000,123.6900
1628230434782000,0,0.55565527,123.9100
1628230511521000,0,0.31049809,124.0000
1628230511521000,0,1.50979191,124.0000
1628230514691000,0,0.00001171,124.0000
1628230535316000,1,0.71246513,124.2000
1628230598673000,0,1.00000000,124.2400
1628230601493000,1,8.05490000,124.0700
1628230657962000,1,41.00000000,124.4700
1628230658252000,0,0.19966281,124.5600
1628230666322000,0,16.47020424,124.5700
1628230828397000,0,3.00000000,124.3800
1628230858321000,1,0.71464535,124.2300
1628230980420000,1,6.79932138,124.3900
1628230980422000,1,11.20067862,124.3900
1628231142198000,1,1.85874630,124.2900
1628231142281000,0,0.91324889,124.4300
1628231172884000,0,0.35879714,124.4400
1628231195527000,1,0.40000000,124.3400
1628231204424000,1,39.00000000,124.3100
1628231204694000,1,8.04078000,124.2900
1628231205046000,1,8.04052000,124.3000
1628231404060000,0,6.80835583,124.2100
1628231404060000,0,5.25798691,124.2100
1628231434755000,0,12.75528055,124.0400
1628231489851000,1,8.06815000,123.8200
1628231873958000,1,3.28003568,123.3900
1628232036253000,1,0.85989200,123.2400
1628232235420000,1,6.78000000,123.0400
1628232235582000,1,1.34268503,123.0400
1628232235582000,1,0.65731497,123.0300
1628232236573000,0,0.56825625,123.1600
1628232428593000,1,0.23047210,123.1800
1628232527255000,0,6.86850000,123.1200
1628232589549000,1,0.17972933,123.1100
1628232637824000,0,0.67005742,123.2100
1628232652369000,1,6.86101282,123.1200
1628232652369000,1,8.11899195,123.0800
1628232652369000,1,35.01999523,123.0700
1628232675984000,1,3.45770800,123.1100
1628232761492000,1,2.79971757,123.1000
1628232802220000,1,3.10383864,123.0700
1628232843368000,1,3.92479750,123.1100
1628232901693000,1,0.31509300,123.2100
1628233045172000,0,0.48215151,123.8200
1628233075867000,1,1.98643348,123.5500
1628233166417000,1,0.44222238,123.6300
1628233208433000,1,40.00000000,123.5300
1628233215847000,0,7.11597604,123.5600
1628233338916000,1,1.98425985,123.4400
1628233346261000,1,0.48442289,123.4300
1628233743289000,1,1.10000000,123.7300
1628233801338000,1,1.65539578,123.7100
1628233861806000,0,6.83707556,123.7500
1628233861806000,0,12.84234771,123.7700
1628234114449000,1,1.98607262,123.2600
1628234164048000,1,5.00000000,123.2600
1628234175339000,0,1.54136966,123.3000
1628234226102000,1,0.96477032,123.2700
1628234543487000,1,74.00000000,123.0000
1628234639581000,1,2.03559594,122.9800
1628234691295000,0,0.40222300,123.1900
1628234793541000,0,6.86405000,123.2600
1628234793621000,1,3.45061500,123.1900
1628235066147000,0,0.61403825,123.3000
1628235137262000,0,16.34070000,123.3600
1628235287933000,0,0.58974272,123.4700
1628235310785000,0,0.41025728,123.4700
1628235310785000,0,1.16289963,123.4700
1628235407681000,0,5.54827900,123.4800
1628235414556000,0,0.60425945,123.4900
1628235599165000,1,1.28154119,123.1100
1628235609751000,1,0.30960000,123.1900
1628235674800000,0,0.23618402,123.3300
1628235718374000,1,6.85844726,123.2100
1628235718374000,1,3.14155274,123.2000
1628235987140000,1,6.86886000,123.0400
1628235987166000,1,0.00000258,123.0400
1628235987214000,1,5.82675160,123.0100
1628235987300000,1,6.68452499,123.0100
1628235987313000,1,20.48872341,123.0100
1628236073402000,1,2.00000000,122.9300
1628236183901000,1,1.55165200,122.9800
1628236187954000,1,2.88265598,122.9800
1628236216786000,0,0.40414297,123.1000
1628236351419000,1,0.72216218,123.0700
1628236384110000,0,0.48035014,123.1100
1628236414629000,1,0.19980000,123.0700
1628236424087000,1,1.20000000,123.0700
1628236450327000,0,2.81336300,123.1500
1628236463182000,1,1.40160000,123.0500
1628236479191000,0,2.80042131,123.1000
1628236517312000,0,6.86856510,123.1700
1628236517312000,0,13.32758656,123.1700
1628236521085000,1,1.40016683,123.0700
1628236521085000,1,0.47148829,123.0400
1628236557512000,0,1.96434600,123.1200
1628236572443000,1,7.09146291,123.0200
1628236579468000,0,0.33513600,123.1200
1628236596575000,0,0.46332721,123.1000
1628236642874000,0,0.31757230,123.2000
1628236662628000,0,2.65415500,123.1500
1628236684712000,0,0.38736700,123.1800
1628236733808000,0,0.25223250,123.1800
1628236742421000,1,0.36000000,123.0800
1628236841732000,1,0.29452173,122.9400
1628236876153000,1,0.00000001,122.9400
1628236876153000,1,0.39482299,122.9400
1628236879439000,0,0.65119879,123.0400
1628236881301000,0,19.95170000,123.0400
1628236980363000,1,6.87000000,122.9100
1628236993122000,0,0.33036241,122.9500
1628237012406000,1,0.51107200,122.6600
1628237030835000,1,0.16709485,122.7400
1628237111638000,0,6.89050000,122.8400
1628237111741000,0,17.66900000,122.8600
1628237211520000,0,22.79380000,123.0400
1628237228294000,0,0.00000429,123.0400
1628237258458000,0,0.19917318,123.2300
1628237322892000,0,0.19907625,123.2900
1628237355918000,1,1.79005900,123.2300
1628237600705000,1,0.76463529,123.1800
1628237694960000,1,6.86015000,123.2300
1628237754595000,1,8.10290000,123.3100
1628237767930000,1,2.15054250,123.0500
1628237839620000,1,6.86535000,123.1400
1628237953236000,1,1.64620119,123.0400
1628238047614000,1,1.99900700,122.9800
1628238059584000,1,0.22469576,122.9800
1628238076569000,0,1.20000000,123.1300
1628238114690000,0,8.08302193,123.1000
1628238254810000,0,1.53474590,123.1800
1628238257697000,1,1.97294123,123.0500
1628238307673000,1,6.87178000,123.0800
1628238318322000,1,0.00000210,123.0800
1628238318322000,1,6.87593790,122.9900
1628238318395000,1,18.03200000,122.9700
1628238318395000,1,33.07259000,122.9500
1628238319280000,1,14.92741000,122.9500
1628238346542000,1,2.23375000,122.8400
1628238412646000,1,6.88285392,122.8800
1628238412646000,1,2.38951835,122.8800
1628238443158000,1,6.88460442,122.8500
1628238443323000,1,8.13510786,122.8300
1628238443333000,1,0.00000001,122.8300
1628238443396000,1,9.40219951,122.8200
1628238443549000,1,10.93780000,122.8200
1628238443561000,1,0.00007285,122.8200
1628238453122000,0,0.39760026,122.8300
1628238514520000,1,1.99900000,122.7900
1628238610621000,1,6.87940000,122.9700
1628238901165000,1,6.89736000,122.6300
1628238902113000,1,58.00000000,122.5600
1628238902277000,1,12.96895730,122.4900
1628238902277000,1,11.64062227,122.4900
1628238902329000,1,15.39042043,122.4900
1628238902376000,1,18.03200000,122.4700
1628238932026000,1,1.55732200,122.3500
1628239207795000,0,6.91690000,122.4600
1628239207926000,0,8.17020000,122.4700
1628239318646000,1,1.62080000,122.6600
1628239405145000,0,8.14677000,122.8200
1628239418782000,1,1.44851100,122.7700
1628239683517000,1,1.03000000,123.0400
1628239834423000,0,0.95449999,123.0700
1628239834437000,0,0.00000001,123.0700
1628239900579000,1,0.59000000,123.0500
1628239907849000,1,0.16847181,123.0500
1628240067462000,1,0.42283512,123.0600
1628240171116000,1,1.29922000,123.1100
1628240325090000,0,6.23000000,123.1100
1628240325179000,0,0.64873346,123.1100
1628240472262000,1,0.16798919,122.9600
1628240547542000,0,0.27894206,123.0400
1628240578488000,0,0.46220038,123.0500
1628240584321000,0,0.80861438,123.0500
1628240811007000,0,4.04874674,122.8800
1628240850894000,0,0.28976633,122.9700
1628241152113000,0,4.04389173,123.0300
1628241279135000,1,0.21957340,123.1100
1628241361130000,1,0.34322800,122.9700
1628241364806000,0,6.87998000,123.0900
1628241487901000,1,0.36514100,122.8300
1628241593717000,0,0.66352126,122.9300
1628241762338000,0,0.23320420,123.1200
1628241771379000,0,3.23261858,123.1200
1628241970887000,1,1.65839130,122.8400
1628242145695000,0,27.97070000,123.1700
1628242170610000,1,0.41290723,123.1200
1628242277063000,1,2.06958600,123.0500
1628242577247000,1,3.53800000,122.9900
1628242577330000,1,0.00009252,122.9900
1628242755373000,1,8.14517000,122.7000
1628242755988000,1,3.00000000,122.6800
1628242793096000,1,1.80740000,122.7800
1628242807460000,0,8.14199000,122.9200
1628242807626000,0,0.00000642,122.9200
1628242807682000,0,8.14199000,122.9300
1628242807724000,0,0.00000642,122.9300
1628242818402000,1,6.88502323,122.8900
1628242818402000,1,9.58773551,122.8900
1628242861310000,1,8.14510000,122.6900
1628242867119000,1,8.14517968,122.6600
1628242867119000,1,20.36391032,122.6600
1628242867159000,1,0.00001371,122.6600
1628242867348000,1,25.15471000,122.6100
1628242867399000,1,17.00000000,122.6100
1628242867455000,1,5.00000000,122.6100
1628242868346000,1,7.00000000,122.6100
1628242868877000,1,1.14510000,122.6100
1628242873469000,1,0.00007968,122.6100
1628242876723000,0,6.90850000,122.6100
1628242876730000,0,0.00005498,122.6100
1628242904072000,0,6.90257000,122.7000
1628242957194000,1,8.14510000,122.6900
1628242973346000,1,6.90331449,122.6800
1628242993016000,0,6.90280000,122.7000
1628242993025000,0,0.00000031,122.7000
1628243025128000,0,0.72881907,122.8700
1628243185488000,1,0.84168208,122.7200
1628243232122000,1,1.24510880,122.7000
1628243500035000,0,1.38901072,122.8000
1628243541513000,1,6.62985799,122.6600
1628243547726000,0,1.02804913,122.7700
1628243675284000,1,1.38000000,122.7200
1628243751900000,0,0.86287845,122.9200
1628243783305000,0,0.79042073,123.0300
1628243929108000,0,0.63565323,122.8500
1628243934817000,1,0.17500000,122.7000
1628243952021000,0,0.79054946,122.8500
1628243978111000,0,0.40548904,122.7900
1628244146268000,1,0.29678736,122.4500
1628244149576000,1,213.96000000,122.4500
1628244149633000,1,0.00831850,122.4500
1628244184116000,0,8.15793000,122.6500
1628244188015000,0,0.00000720,122.6500
1628244229234000,0,0.79229132,122.7800
1628244259169000,0,20.68780000,122.7400
1628244522238000,1,0.16365809,122.2100
1628244745578000,0,20.76230000,122.2700
1628244848564000,0,1.33877817,122.4200
1628244856225000,1,3.00000000,122.2700
1628245134298000,0,18.00000000,122.4200
1628245134298000,0,5.00000000,122.4300
1628245134298000,0,20.72870000,122.4400
1628245134298000,0,1.47140000,122.4400
1628245167566000,0,0.41804818,122.4500
1628245195251000,1,0.30034172,122.3100
1628245276234000,0,0.18558878,122.3200
1628245460101000,1,4.00000000,122.1000
1628245586911000,1,6.92120963,122.2700
1628245586911000,1,2.79830037,122.2700
1628245594426000,1,6.92120963,122.2700
1628245621165000,0,0.19477375,122.4000
1628245659703000,0,0.23801760,122.4200
1628245671631000,1,0.30034807,122.2600
1628245882328000,0,0.20105219,122.2500
1628246004179000,0,0.47173900,122.2800
1628246059191000,0,0.50326000,122.1500
1628246059386000,0,0.00000788,122.1500
1628246096491000,1,0.30052237,122.2500
1628246109368000,1,0.64935000,122.2200
1628246137400000,1,0.91171448,122.2300
1628246176369000,1,0.66080100,122.1200
1628246198916000,1,18.00000000,122.1800
1628246198916000,1,20.24969939,122.1700
1628246198916000,1,6.92585188,122.1600
1628246198916000,1,18.00000000,122.1600
1628246198916000,1,5.00000000,122.1600
1628246198916000,1,0.67509095,122.1500
1628246238254000,0,0.68564318,122.3300
1628246262402000,1,0.82072400,122.3200
1628246262759000,1,0.67500000,122.3200
1628246346122000,0,3.19244030,122.6000
1628246373087000,0,0.30136582,122.6300
1628246582335000,0,0.55420575,122.5300
1628246592532000,0,6.91379232,122.5300
1628246597062000,0,18.00000000,122.5100
1628246597062000,0,6.91433242,122.5200
1628246597062000,0,18.00000000,122.5300
1628246597062000,0,5.00000000,122.5400
1628246597062000,0,1.13907346,122.5500
1628246632884000,1,0.31547731,122.4200
1628246763694000,1,0.19947619,122.4400
1628246847017000,1,1.74856269,122.6300
1628246859617000,1,0.16631932,122.6300
1628246888148000,0,18.00000000,122.7600
1628246888148000,0,18.00000000,122.7700
1628246888148000,0,6.90003420,122.7700
1628246888148000,0,6.16809065,122.7800
1628246888522000,0,0.40112396,122.7700
1628246896048000,0,0.79119370,122.7500
1628246914490000,1,0.40000000,122.6300
1628246957485000,1,4.00000000,122.7100
1628247008661000,0,6.90140764,122.7500
1628247008661000,0,8.15208511,122.7700
1628247008661000,0,9.84590100,122.7700
1628247013197000,0,8.15062344,122.7900
1628247013197000,0,6.89910828,122.7900
1628247013547000,1,4.50000000,122.7900
1628247013740000,1,0.00389401,122.7900
1628247095437000,1,0.00976920,122.6300
1628247095437000,1,0.83767980,122.6100
1628247097590000,0,2.64923552,122.6700
1628247120504000,1,0.23826525,122.6300
1628247125639000,0,6.90270000,122.7300
1628247285146000,0,0.80068941,122.6700
1628247299960000,0,6.90969333,122.6000
1628247374248000,1,1.64561434,122.4400
1628247405148000,1,2.16518336,122.4300
1628247508400000,1,16.51559000,122.5200
1628247508482000,1,6.29080000,122.5200
1628247508518000,1,0.00002256,122.5200
1628247546629000,1,2.00430515,122.4000
1628247574475000,1,0.93922127,122.4300
1628247645789000,0,6.92166486,122.4100
1628247645789000,0,18.00000000,122.4100
1628247645789000,0,4.50000000,122.4200
1628247780856000,0,6.92993000,122.2800
1628247807867000,1,9.12000000,122.2000
1628247808222000,0,0.79352169,122.3100
1628247818736000,0,6.93448013,122.2300
1628247818736000,0,15.13560987,122.2300
1628247818798000,0,5.65209000,122.2300
1628247850543000,0,8.18357219,122.2600
1628247850543000,0,18.00000000,122.2600
1628247860301000,0,0.52162201,122.2500
1628247867135000,1,2.07292400,122.1200
1628247928298000,0,1.56797426,122.3000
1628248159335000,0,0.80320446,122.4100
1628248184118000,1,18.00000000,122.2700
1628248184118000,1,6.92233244,122.2600
1628248184118000,1,5.00000000,122.2600
1628248184118000,1,20.75470000,122.2500
1628248184118000,1,10.00000000,122.2500
1628248184118000,1,8.98013819,122.2300
1628248506194000,1,0.66543600,122.3100
1628248520707000,0,2.36876548,122.3900
1628248603511000,1,0.41604991,122.1900
1628248613531000,0,0.18843420,122.2600
1628248628761000,1,12.26066000,122.2000
1628248827748000,1,0.69646254,122.2100
1628248922761000,1,0.76800000,122.1200
1628248940796000,1,0.40486664,122.1000
1628248972989000,1,9.23420000,122.1000
1628248973000000,1,0.00007554,122.1000
1628249013829000,1,10.84165386,122.0000
1628249033356000,0,0.17213114,122.0600
1628249049263000,1,6.91983700,122.0000
1628249062145000,1,5.65000000,122.0100
1628249062302000,1,0.00090473,122.0100
1628249062302000,1,82.23850914,122.0000
1628249082153000,0,8.19483900,122.1000
1628249082153000,0,12.23112332,122.1000
1628249095354000,1,2.26388363,121.9900
1628249105846000,1,6.94092140,121.9800
1628249105846000,1,0.02907860,121.9800
1628249274720000,1,0.33153200,122.2000
1628249345653000,1,4.10000000,122.3300
1628249519524000,1,0.63023886,122.4200
1628249521983000,1,6.28582073,122.4200
1628249521983000,1,6.85486513,122.4200
1628249529988000,1,6.60850247,122.4000
1628249550475000,1,6.91603883,122.4300
1628249550475000,1,0.70543107,122.4300
1628249591073000,1,0.41547187,122.3400
1628249689665000,1,0.40112396,122.4700
1628250005729000,1,0.62900000,122.1500
1628250066696000,1,0.44376974,122.1200
1628250098690000,0,1.92780737,122.2400
1628250171347000,0,6.93652033,122.1500
1628250171347000,0,4.35266803,122.1500
1628250246393000,0,7.66696876,122.0400
1628250258256000,1,3.01495136,121.9100
1628250413537000,0,6.93512000,122.1800
1628250413654000,0,20.76280000,122.1900
1628250440259000,0,3.76281076,122.3300
1628250634976000,1,1.40906000,122.0200
1628250653129000,0,0.18611950,122.1100
1628250784329000,1,1.84974916,121.9700
1628250848246000,1,2.11059000,122.0600
1628250912574000,1,0.44709912,122.0000
1628250956347000,1,1.22000000,122.0000
1628251008459000,1,2.01964156,122.0600
1628251124780000,1,4.83680000,122.0400
1628251211067000,0,0.40245740,122.0900
1628251359051000,0,0.73731296,121.6500
1628251367221000,1,20.55447000,121.5400
1628251367823000,1,0.00000759,121.5400
1628251560846000,0,0.26491011,121.6700
1628251758333000,0,0.32382674,122.1700
1628251758853000,0,0.20356879,122.1700
1628251793951000,1,1.20076000,121.9900
1628251825126000,1,0.24345691,122.1100
1628251829612000,1,20.00000000,122.2300
1628251846046000,1,2.56975845,122.2500
1628251851738000,0,8.17180000,122.4900
1628251851773000,0,0.00000324,122.4900
1628251871987000,1,3.17825033,122.6900
1628251989710000,1,0.75639834,122.7400
1628251993946000,0,8.14430000,122.8900
1628251994382000,0,0.00008363,122.8900
1628251994382000,0,20.35951637,122.9000
1628252017583000,0,8.14677225,122.8700
1628252017583000,0,20.36612775,122.8700
1628252018365000,0,8.14290000,122.9000
1628252028977000,0,0.31338499,122.9100
1628252032649000,0,0.00000001,122.9100
1628252047641000,1,2.00500484,122.8800
1628252149385000,0,1.90950000,123.2400
1628252149413000,0,6.21000000,123.2400
1628252202270000,1,2.09648000,123.3400
1628252202319000,1,0.00000127,123.3400
1628252230146000,1,1.17320000,123.1200
1628252276611000,0,3.00000000,123.4200
1628252349582000,1,0.80000000,123.2000
1628252349796000,1,3.09000000,123.2000
1628252372104000,0,0.19748823,123.3800
1628252641356000,0,0.69000000,123.1200
1628252699745000,0,0.41745695,123.1300
1628252708559000,0,0.25626085,123.2200
1628252806653000,1,0.63135298,123.3200
1628252836301000,1,15.00000000,123.3000
1628252836367000,1,10.13489000,123.3000
1628252836670000,1,15.00000000,123.3000
1628252838199000,1,0.00000093,123.3000
1628252840155000,0,18.00000000,123.2800
1628252840155000,0,6.87557477,123.2900
1628252928576000,1,0.43629333,123.2400
1628252948527000,0,4.43067822,123.4100
1628253004831000,0,1.39144500,123.3300
1628253005292000,1,6.86630000,123.3800
1628253006259000,1,0.00009041,123.3800
1628253006259000,1,34.33180959,123.3500
1628253006921000,1,0.00014242,123.3500
1628253007453000,1,20.56740000,123.3300
1628253007793000,1,6.86639000,123.3800
1628253007794000,1,0.00000041,123.3800
1628253007845000,1,34.33195000,123.3500
1628253008571000,0,5.54000000,123.3900
1628253009155000,1,0.00000201,123.3500
1628253009155000,1,8.10215193,123.3300
1628253009155000,1,11.89784606,123.3300
1628253009209000,1,8.69115000,123.3500
1628253009524000,0,0.48275816,123.4200
1628253010018000,0,18.00000000,123.4100
1628253010415000,1,6.87182000,123.3400
1628253010899000,1,8.10031000,123.3500
1628253011427000,1,0.00000429,123.3500
1628253011427000,1,20.24880571,123.3500
1628253013045000,1,0.00001017,123.3500
1628253013045000,1,0.00000508,123.3400
1628253013045000,1,6.87182508,123.3400
1628253013524000,0,6.87000000,123.3400
1628253013583000,0,0.00182000,123.3400
1628253015509000,1,8.10005000,123.3000
1628253015784000,1,6.87486000,123.2900
1628253015958000,1,1.22510000,123.2900
1628253015992000,1,0.00009184,123.2900
1628253068872000,1,18.00000000,123.3300
1628253068872000,1,2.03662635,123.2900
1628253088512000,0,0.72604183,123.3400
1628253094564000,1,20.87440295,123.2900
1628253100165000,1,2.69000000,123.1900
1628253100285000,1,18.42577912,123.1900
1628253105976000,0,6.88013000,123.2200
1628253106091000,0,0.00000133,123.2200
1628253106091000,0,8.12346867,123.2300
1628253111428000,0,8.12268503,123.2100
1628253111428000,0,3.87731497,123.2100
1628253111501000,0,13.00000000,123.2100
1628253111569000,0,3.42972000,123.2100
1628253111702000,0,0.00000873,123.2100
1628253111702000,0,6.88012127,123.2200
1628253112648000,0,0.00001006,123.2200
1628253112648000,0,6.88013133,123.2200
1628253112751000,0,34.39789367,123.2500
1628253112884000,0,8.12255308,123.2400
1628253112884000,0,20.30539436,123.2400
1628253112884000,0,17.05795256,123.2600
1628253113786000,0,6.88013000,123.2200
1628253115806000,0,0.00000133,123.2200
1628253115806000,0,6.88012867,123.2200
1628253116794000,0,0.00000266,123.2200
1628253116794000,0,8.12003734,123.2400
1628253116999000,0,0.00000943,123.2400
1628253116999000,0,18.99999057,123.2500
1628253117071000,0,1.61940000,123.2500
1628253117219000,0,6.87451000,123.2500
1628253117734000,0,6.87451000,123.2600
1628253119100000,0,0.00000022,123.2600
1628253119100000,0,8.11753978,123.3300
1628253140528000,1,0.20000000,123.2600
1628253313326000,0,18.00000000,123.2700
1628253313326000,0,8.11464369,123.3100
1628253317870000,0,18.00000000,123.2800
1628253317870000,0,6.87835865,123.2900
1628253317870000,0,2.87313718,123.2900
1628253342864000,1,1.39327100,123.1400
1628253424220000,0,6.88270645,123.1700
1628253424220000,0,2.45210340,123.1700
1628253484714000,1,0.21377607,123.1200
1628253572114000,0,5.78740000,123.0000
1628253572439000,1,3.00000000,122.9300
1628253599434000,0,0.49997950,123.0500
1628253646509000,1,1.94669310,122.9400
1628253646604000,1,0.60200000,122.9400
1628253648031000,0,2.94000000,123.0600
1628253666346000,0,0.91706900,123.1300
1628253677843000,1,0.32904300,123.0200
1628253685510000,1,0.83747000,122.9600
1628253687860000,0,18.00000000,123.0800
1628253688803000,0,18.00000000,123.1000
1628253688803000,0,6.89000000,123.1000
1628253700399000,0,1.21000000,123.0700
1628253723647000,1,9.47000000,122.9900
1628253723684000,1,0.00790081,122.9900
1628253740132000,0,15.00000000,122.9000
1628253743043000,1,9.48162000,122.8300
1628253757184000,0,6.90541655,122.9100
1628253813670000,0,15.00000000,122.8300
1628253815131000,0,15.00000000,122.8500
1628253817700000,1,9.39145335,122.7700
1628253828168000,1,0.21182374,122.7800
1628253894532000,0,6.90000000,122.9800
1628253894551000,0,0.00313421,122.9800
1628253902277000,1,5.00000000,122.8400
1628253902277000,1,2.27689032,122.8400
1628253921108000,1,2.36270000,122.8200
1628253921132000,1,0.00007480,122.8200
1628253923012000,1,2.30000000,122.8300
1628253925376000,1,0.00529418,122.8300
1628253929658000,1,2.24063000,122.7500
1628253929757000,1,0.00000694,122.7500
1628253968424000,0,8.15487000,122.7100
1628253980024000,1,1.36070000,122.5800
1628254000272000,0,7.14858142,122.7700
1628254073718000,0,8.14278204,122.8800
1628254073993000,0,100.06647824,122.8900
1628254073993000,0,6.90380417,122.9000
1628254073993000,0,20.00300000,122.9100
1628254161870000,1,2.00000000,123.0800
1628254161955000,1,0.60171744,123.0800
1628254294930000,0,0.16580300,122.9300
1628254348529000,0,6.91000000,122.9000
1628254396461000,0,6.91000000,122.7800
1628254396476000,0,0.00533309,122.7800
1628254399156000,0,6.91000000,122.7800
1628254401711000,0,0.00533309,122.7800
1628254431360000,0,0.00058195,122.9000
1628254434663000,0,2.34799263,123.0500
1628254540765000,0,6.90000000,122.9000
1628254570375000,0,6.90000000,122.8700
1628254570380000,0,0.00789009,122.8700
1628254619720000,1,0.38837900,122.8500
1628254621572000,1,30.77454491,122.8500
1628254621572000,1,2.69916709,122.8200
1628254773958000,0,0.42107684,123.1000
1628254858296000,0,6.90000000,122.9600
1628254858366000,0,0.00726563,122.9600
1628254870970000,0,6.90000000,123.0000
1628254871125000,0,0.00433583,123.0000
1628254874851000,0,3.67000000,123.0400
1628254874952000,0,3.23243577,123.0400
1628254875216000,0,34.52167914,123.0500
1628254885900000,0,6.90000000,123.0800
1628254894996000,0,0.00050381,123.0800
1628254907336000,0,6.89000000,123.2000
1628254907356000,0,0.00366692,123.2000
1628255114466000,0,0.40391329,123.1700
1628255158994000,0,0.39866988,123.1600
1628255166645000,1,0.24192570,123.1200
1628255325731000,1,0.30178180,123.4800
1628255327697000,0,6.87000000,123.6000
1628255415157000,1,0.20874601,123.5500
1628255416686000,1,0.29877695,123.5500
1628255427140000,1,1.96062653,123.5700
1628255439446000,0,0.16266800,123.6400
1628255518611000,1,0.30055515,123.6500
1628255526057000,1,6.86299298,123.6600
1628255526057000,1,2.64327182,123.6600
1628255629185000,0,0.53199741,123.7600
1628255649995000,1,0.43795826,123.6400
1628255675382000,0,6.33040000,123.7600
1628255684650000,0,6.85000000,123.7900
1628255698826000,0,6.85000000,123.8500
1628255698837000,0,0.00605875,123.8500
1628255700507000,0,6.85000000,123.8800
1628255731468000,0,4.61354999,123.8300
1628255801326000,0,6.86249378,123.7600
1628255801326000,0,2.68450290,123.7800
1628255852306000,1,0.70893790,123.6000
1628255924268000,1,8.08564000,123.5900
1628255942886000,1,0.81956801,123.4300
1628255997511000,0,6.86000000,123.7400
1628255997533000,0,0.00350144,123.7400
1628255997683000,0,8.81000000,123.7500
1628255997727000,0,0.93000000,123.7500
1628256027199000,1,0.37859515,123.5200
1628256041478000,0,5.80000000,123.6300
1628256041567000,0,1.07032468,123.6300
1628256054945000,0,6.86000000,123.6600
1628256128679000,0,5.74000000,123.5600
1628256128709000,0,1.13359309,123.5600
1628256191209000,1,0.51428800,123.5300
1628256216517000,1,3.73560860,123.5400
1628256226968000,1,0.37352922,123.5600
1628256227046000,1,0.68510214,123.5600
1628256351459000,0,1.75912290,123.5900
1628256478304000,1,0.83760000,123.6000
1628256523647000,0,6.86494742,123.7300
1628256523647000,0,2.37420434,123.7300
1628256631516000,0,1.20576829,123.7800
1628256737121000,0,0.80443043,123.6900
1628256761284000,1,2.44248121,123.5800
1628256771753000,0,6.86370554,123.7300
1628256771753000,0,4.00000000,123.7500
1628256771753000,0,8.08564007,123.7600
1628256771753000,0,1.86494282,123.7600
1628256800911000,1,12.80170157,123.5800
1628256874604000,1,4.34740932,123.6400
1628256965205000,0,4.31847387,123.7000
1628257015502000,1,4.31847387,123.5700
1628257025722000,0,0.18396164,123.6700
1628257156263000,1,0.41287400,123.6000
1628257499114000,1,1.98487717,123.7200
1628257571810000,1,3.71945187,123.8000
1628257584683000,0,0.00423983,123.8800
1628257584683000,0,0.19651896,123.8800
1628257607931000,1,10.59000000,123.7100
1628257629614000,1,1.82420000,123.6000
1628257629693000,1,2.00000000,123.6600
1628257757687000,1,0.81477445,123.7100
1628257758674000,1,0.81477444,123.7100
1628257759684000,1,0.81477445,123.7100
1628257760709000,1,0.81477444,123.7100
1628257760739000,1,0.42752127,123.7100
1628257761741000,1,0.81477445,123.7100
1628257783185000,0,0.25962292,123.8200
1628257784662000,0,0.79550961,123.8200
1628257821187000,1,1.93045142,123.5700
1628257889511000,0,1.21614221,123.6900
1628257891665000,1,0.30067408,123.5600
1628257905895000,0,0.85537601,123.7100
1628257912099000,1,1.99733496,123.5800
1628258046655000,0,2.00000000,123.5400
1628258135489000,1,4.83403217,123.3500
1628258179780000,0,0.43047635,123.3900
1628258222566000,0,0.19882329,123.4100
1628258226280000,0,0.00405762,123.4100
1628258291058000,0,72.00000000,123.5700
1628258291069000,0,72.00000000,123.5700
1628258291321000,0,41.21000000,123.5700
1628258291744000,0,7.04000000,123.5700
1628258291776000,0,34.92000000,123.5700
1628258304069000,0,251.15827300,123.5700
1628258309936000,0,2.94000000,123.5700
1628258319704000,0,0.96873000,123.5700
1628258320224000,0,72.00000000,123.5700
1628258320323000,0,10.77350000,123.5700
1628258320336000,0,89.88517000,123.5700
1628258320426000,0,77.00000000,123.5700
1628258320994000,0,59.00000000,123.5700
1628258321003000,0,72.00000000,123.5700
1628258321096000,0,26.00000000,123.5700
1628258321142000,0,171.73892101,123.5700
1628258321171000,0,31.00000000,123.5700
1628258321238000,0,19.00000000,123.5700
1628258321645000,0,171.73320023,123.5700
1628258322296000,0,44.00000000,123.5700
1628258322361000,0,22.00000000,123.5700
1628258322431000,0,33.00000000,123.5700
1628258322648000,0,20.00000000,123.5700
1628258322759000,0,0.46639402,123.5700
1628258324921000,0,72.00000000,123.5700
1628258325784000,0,0.17376380,123.5700
1628258327190000,0,0.32596760,123.5700
1628258328816000,0,4.06308000,123.5700
1628258330028000,1,6.86894000,123.5600
1628258332037000,1,0.00000477,123.5600
1628258332037000,1,6.86893523,123.5600
1628258347909000,1,1.02517761,123.5200
1628258347989000,1,4.10049830,123.5200
1628258350565000,1,1.74595000,123.5200
1628258354120000,0,304.18353193,123.5700
1628258354208000,0,1.25526338,123.5700
1628258355615000,0,5.00000000,123.5700
1628258355756000,0,6.86859201,123.5700
1628258356485000,0,171.69967682,123.5700
1628258356994000,0,171.69801269,123.5700
1628258357733000,0,6.86859201,123.5700
1628258359313000,0,14.48383000,123.5700
1628258359327000,0,98.73110000,123.5700
1628258359376000,0,5.63771776,123.5700
1628258374741000,1,0.00000723,123.5200
1628258374741000,1,0.69895611,123.5200
1628258428469000,1,2.00279315,123.4000
1628258466879000,0,0.48387096,123.3800
1628258672119000,1,1.99760653,123.2100
1628258833575000,1,0.99388151,123.3600
1628258965668000,0,0.29028911,123.4600
1628259067129000,1,2.00125585,123.2400
1628259229581000,0,0.66011182,123.2700
1628259349184000,1,30.00000000,123.0000
1628259352973000,1,0.65325657,122.9400
1628259418999000,1,6.90084149,123.0700
1628259418999000,1,3.09915851,123.0700
1628259419251000,0,0.67147400,123.2000
1628259434785000,1,1.94853500,123.0300
1628259445247000,1,2.00187466,122.9400
1628259507769000,1,6.90191000,123.0800
1628259561092000,1,6.89726000,123.1600
1628259567911000,1,6.89945726,123.1200
1628259567911000,1,0.39954274,123.0900
1628259570325000,0,0.99979276,123.2200
1628259618985000,0,0.18578401,123.1900
1628259710401000,1,2.49753739,123.0100
1628259771544000,1,0.26080073,123.0800
1628259781985000,0,2.12899438,123.1800
1628259782070000,1,0.34946891,123.0800
1628259792758000,0,1.98831324,123.1500
1628259894056000,0,7.88260300,123.0200
1628259904101000,0,0.58253081,122.9700
1628259964601000,0,1.37980937,123.1700
1628260015474000,1,7.29900000,122.8900
1628260036018000,1,2.00742034,122.8800
1628260132605000,1,0.18365200,122.9700
1628260182947000,0,2.83514698,123.1400
1628260324763000,0,0.31439449,123.1000
1628260339526000,1,2.00921582,122.9500
1628260357043000,1,1.57680978,123.0300
1628260410555000,1,1.02800000,123.0300
1628260568287000,0,0.95877627,123.2300
1628260774600000,1,6.90090595,123.1800
1628260775124000,1,6.90090000,123.1800
1628260781300000,1,0.00000595,123.1800
1628260781300000,1,6.90090595,123.1800
1628260830103000,1,0.24270385,123.1500
1628260844095000,1,0.29770697,123.1400
1628260844179000,1,6.60449594,123.1400
1628260844179000,1,2.31450406,123.1100
1628260844256000,1,0.48000000,123.1200
1628260884746000,1,1.96141150,123.1400
1628260896666000,1,1.46264178,123.1500
1628260905236000,1,2.00788170,123.2200
1628260923121000,0,5.06000000,123.2900
1628260926320000,1,18.00000000,123.1900
1628260926320000,1,0.89978606,123.1800
1628260926496000,0,18.00000000,123.2900
1628261162363000,1,13.98500000,123.1500
1628261177052000,0,8.77000000,123.2400
1628261177081000,0,79.51000000,123.2400
1628261198928000,1,2.00540057,123.1600
1628261207987000,1,0.70000000,123.1900
1628261230130000,0,14.12475665,123.2800
1628261545490000,1,2.00679722,123.1500
1628261583934000,0,1.70000000,123.2200
1628261668065000,0,0.72769339,123.2400
1628261678668000,0,0.22432639,123.2900
1628261770227000,1,0.29877296,123.0800
1628261826614000,1,0.47890547,123.1400
1628261832889000,0,0.28185987,123.2500
1628261897321000,1,2.77641600,123.1800
1628261912057000,1,6.45450000,123.1600
1628261937524000,1,2.26180000,123.1300
1628261937525000,1,16.35620000,123.1300
1628261991855000,0,1.04830000,123.1400
1628262026569000,1,3.66837550,123.0400
1628262124779000,1,0.38800000,122.8400
1628262144641000,1,0.27064838,122.7300
1628262215504000,0,0.00003400,123.1400
1628262215504000,0,1.69996600,123.2100
1628262246352000,1,0.77900000,123.0800
1628262424073000,0,10.01840394,123.1800
1628262440652000,1,0.25210300,123.0700
1628262532207000,0,17.90000000,123.2200
1628262609456000,1,0.70093000,123.3100
1628262727377000,0,8.11580000,123.3100
1628262851590000,1,6.89170865,123.3200
1628262851590000,1,5.00000000,123.3200
1628262851590000,1,10.17625635,123.3200
1628262879852000,1,5.95113000,123.3600
1628262930835000,1,6.88000000,123.4400
1628262933171000,1,0.00507800,123.4400
1628262933171000,1,1.93583270,123.3400
1628262984215000,0,6.60041752,123.6600
1628263010414000,0,2.18280000,123.7800
1628263010430000,0,5.47110000,123.7800
1628263010486000,0,0.43108941,123.7800
1628263010486000,0,1.01531059,123.8000
1628263010540000,0,1.71960000,123.8000
1628263010558000,0,1.26030000,123.8000
1628263012840000,0,1.14030000,123.8900
1628263013085000,0,1.26830000,123.8900
1628263013601000,0,1.62500000,123.9400
1628263013973000,0,1.37280000,123.9700
1628263014084000,0,1.60240000,123.9700
1628263014097000,0,1.42680000,123.9700
1628263014132000,0,2.08260000,123.9700
1628263014181000,0,1.36110000,123.9700
1628263038758000,0,5.44630000,123.9900
1628263040419000,0,10.00000000,124.0000
1628263062302000,0,5.12730000,124.1200
1628263062358000,0,2.79310000,124.1200
1628263062783000,0,21.36200000,124.1700
1628263076191000,1,0.48202985,124.0300
1628263119850000,1,1.41720000,123.9600
1628263119903000,1,0.00000593,123.9600
1628263127612000,0,7.71610000,124.1400
1628263127623000,0,0.34438589,124.1400
1628263127661000,0,5.12372271,124.1200
1628263127664000,0,0.66618729,124.1200
1628263127878000,0,3.97130000,124.1800
1628263127879000,0,1.06970000,124.1800
1628263127893000,0,1.01870000,124.1800
1628263128973000,0,2.24658140,124.3100
1628263132730000,1,8.06020000,124.1800
1628263151350000,0,0.38000000,124.4600
1628263151359000,0,0.00387563,124.4600
1628263153201000,0,0.90000000,124.5000
1628263153599000,0,0.00367747,124.5000
1628263186797000,0,0.16365809,124.6500
1628263188914000,1,6.81700000,124.6300
1628263209829000,0,6.41000000,124.8000
1628263209829000,0,0.19000000,124.8000
1628263210854000,0,0.00931282,124.8000
1628263219559000,0,1.00000000,124.9000
1628263219559000,0,4.00000000,124.9000
1628263223156000,1,20.40870000,124.8000
1628263227423000,1,5.72340000,124.7900
1628263227773000,1,20.38810000,124.7500
1628263228800000,1,1.40940000,124.6900
1628263228835000,1,0.00007203,124.6900
1628263228835000,1,6.81402285,124.6800
1628263228835000,1,20.43630000,124.6800
1628263228835000,1,0.99990512,124.6800
1628263228858000,1,0.00009488,124.6800
1628263229311000,1,2.71950000,124.6500
1628263229345000,1,2.74130000,124.6500
1628263229558000,1,17.68390000,124.6500
1628263229758000,1,2.93210000,124.6300
1628263230421000,1,1.05870000,124.6400
1628263230443000,1,1.92900000,124.6400
1628263231276000,1,1.52220000,124.6400
1628263318180000,1,6.81520336,124.6700
1628263326876000,1,19.00000000,124.5600
1628263327072000,1,20.45170000,124.5300
1628263332344000,0,3.50000000,124.5900
1628263341554000,1,20.46500000,124.4500
1628263343022000,1,3.27010934,124.4000
1628263355404000,0,8.02916192,124.6200
1628263359089000,1,1.32099900,124.5600
1628263359227000,1,0.82474800,124.5600
1628263359252000,1,0.19900000,124.5600
1628263389905000,1,8.89900000,124.6100
1628263410879000,1,5.69966626,124.6600
1628263411296000,1,1.21871134,124.6700
1628263488544000,1,0.16354533,124.6000
1628263505394000,1,0.24441400,124.7000
1628263528861000,1,0.76312950,124.5300
1628263541857000,1,0.75663416,124.5500
1628263542009000,1,6.06534900,124.5500
1628263542009000,1,2.23365100,124.5500
1628263603571000,1,0.29489425,124.7600
1628263631323000,0,1.00000000,124.9300
1628263634186000,0,0.46990000,124.9500
1628263634186000,0,0.21286957,124.9500
1628263658002000,0,1.00000000,125.0000
1628263658002000,0,1.02380000,125.0000
1628263658003000,0,18.85110600,125.0000
1628263658003000,0,10.00000000,125.0000
1628263658003000,0,0.70953570,125.0000
1628263658003000,0,0.91539960,125.0000
1628263658003000,0,1.00000000,125.0000
1628263658003000,0,16.31235870,125.0000
1628263658004000,0,1.27140000,125.0000
1628263658016000,0,1.23510000,125.0000
1628263658017000,0,1.18114130,125.0000
1628263658036000,0,5.00000000,125.0000
1628263658049000,0,1.95510000,125.0400
1628263658051000,0,1.15160000,125.0400
1628263658252000,0,0.50974664,125.0600
1628263658305000,0,3.60040000,125.0600
1628263658322000,0,3.89058462,125.0600
1628263658697000,0,60.00000000,125.1600
1628263660512000,0,18.00000000,125.2600
1628263663425000,1,20.35290000,125.1100
1628263663443000,1,5.00000000,125.0900
1628263663450000,1,42.00000000,125.0800
1628263665401000,1,3.16000000,124.9300
1628263666948000,0,20.38750000,125.1200
1628263683259000,1,0.17000000,125.2500
1628263697082000,1,18.91000000,125.2200
1628263697176000,1,0.00600000,125.2200
1628263698525000,0,3.74490000,125.2800
1628263705647000,1,21.18234000,125.1700
1628263705699000,1,37.00000000,125.1700
1628263705750000,1,25.00000000,125.1700
1628263705798000,1,62.00000000,125.1700
1628263706008000,1,38.64760000,125.1700
1628263706183000,1,0.00006000,125.1700
1628263745909000,1,5.14000000,125.1400
1628263769010000,0,0.39136404,125.3600
1628263780597000,1,6.78000000,125.2400
1628263796158000,1,5.15000000,125.2900
1628263800492000,1,0.37885011,125.2800
1628263815633000,1,1.03800000,125.3600
1628263846364000,0,0.16243365,125.5900
1628263924307000,1,0.55084300,125.4800
1628263947273000,0,0.37887101,125.4100
1628264017851000,1,6.78000000,125.3200
1628264020746000,1,0.00038118,125.3200
1628264020746000,1,6.77961882,125.3200
1628264039701000,1,0.00348602,125.2400
1628264045235000,1,18.72000000,125.0500
1628264045385000,1,0.00500000,125.0500
1628264071009000,0,47.00000000,125.0700
1628264100947000,0,7.99961602,125.0800
1628264156934000,0,1.67710000,125.1800
1628264156962000,0,3.27010000,125.1800
1628264156979000,0,3.04640512,125.1800
1628264157016000,0,1.62320000,125.2000
1628264157073000,0,1.48960000,125.1700
1628264169198000,1,0.16500000,125.1100
1628264213377000,1,6.78000000,125.1900
1628264213380000,1,0.00673688,125.1900
1628264252717000,1,1.81276631,125.1700
1628264280287000,1,4.97469501,125.1700
1628264280287000,1,1.95443860,125.1700
1628264317903000,0,0.35696935,125.3800
1628264320044000,0,19.90503000,125.3800
1628264320233000,0,0.00000065,125.3800
1628264355236000,1,6.23089657,125.3800
1628264512910000,1,1.91944218,125.5900
1628264537335000,1,2.94000000,125.6100
1628264547507000,0,0.19967720,125.8000
1628264547853000,1,22.52840000,125.6900
1628264547853000,1,18.00000000,125.6900
1628264547853000,1,18.00000000,125.6800
1628264547853000,1,20.65100000,125.6800
1628264547853000,1,6.76074647,125.6700
1628264547975000,0,6.76074647,125.6600
1628264548004000,0,169.01413419,125.6600
1628264548026000,0,359.99000000,125.6600
1628264548058000,0,5.00000000,125.6600
1628264548094000,0,35.96130000,125.6600
1628264548095000,0,18.00000000,125.6600
1628264548095000,0,69.33367287,125.6600
1628264554920000,0,17.64399355,125.7900
1628264555184000,0,0.35600645,125.7900
1628264555184000,0,0.00407505,125.8000
1628264558243000,0,17.28798000,125.7900
1628264560902000,0,12.45989000,125.8300
1628264560902000,0,18.00000000,125.8300
1628264560902000,0,4.29080220,125.8400
1628264561536000,0,18.00000000,125.8300
1628264561536000,0,4.54000000,125.8400
1628264562287000,0,18.00000000,125.8300
1628264562287000,0,0.62000000,125.8400
1628264579348000,0,18.00000000,125.8400
1628264579348000,0,5.72069924,125.8500
1628264594297000,0,22.65080000,125.8500
1628264596781000,0,10.00000000,125.8800
1628264597991000,0,0.19949741,125.9000
1628264599129000,1,0.32206000,125.8300
1628264600036000,0,0.00407138,125.9000
1628264605929000,0,36.28144210,126.0000
1628264605993000,0,0.16343000,126.0500
1628264605993000,0,0.00000181,126.0500
1628264605993000,0,0.30296221,126.1500
1628264609483000,1,1.09642534,125.9200
1628264617582000,1,1.54224758,125.8800
1628264674184000,1,18.00000000,126.1100
1628264674184000,1,6.73774994,126.1000
1628264674184000,1,8.05950543,126.0900
1628264675963000,1,0.68900000,126.1000
1628264695520000,1,0.30778701,126.1000
1628264710763000,1,7.00000000,126.0400
1628264731301000,1,1.59966671,125.8500
1628264764477000,0,7.94000000,126.0200
1628264764547000,0,0.00167633,126.0200
1628264815217000,1,0.17614100,125.9100
1628264878963000,0,0.77882366,126.1300
1628264880346000,1,3.81859291,125.9700
1628264889488000,1,0.24108237,125.9700
1628264892349000,1,1.59966671,125.9700
1628264951774000,1,0.50000000,126.1000
1628264961730000,1,0.28900000,126.1500
1628264963719000,1,0.24891029,126.1500
1628264972030000,0,1.00000000,126.2600
1628264972030000,0,4.00000000,126.2600
1628264987949000,1,0.69162668,126.2500
1628265024749000,0,0.41000000,126.2700
1628265024755000,0,0.00237113,126.2700
1628265058868000,1,0.46398920,126.1400
1628265109435000,0,13.50081978,126.2500
1628265142329000,0,7.92305133,126.3100
1628265142847000,0,6.73610000,126.2500
1628265142863000,0,0.00000344,126.2500
1628265142888000,1,1.09894811,126.2500
1628265146022000,0,4.24992641,126.4300
1628265201027000,1,0.59795847,126.3100
1628265203321000,1,1.52202491,126.3100
1628265219081000,1,0.16544400,126.3100
1628265241478000,1,0.24020000,126.4600
1628265339949000,0,0.15741180,126.4200
1628265443464000,1,0.24397352,126.2500
1628265453899000,1,0.51336833,126.2500
1628265498051000,1,0.16229000,126.3200
1628265523059000,0,0.29400000,126.6000
1628265524419000,0,0.00600000,126.6000
1628265524531000,0,17.65800000,126.6900
1628265524780000,0,32.38677989,126.7000
1628265524780000,0,0.37603155,126.7100
1628265524780000,0,6.71887399,126.7100
1628265524780000,0,7.89573754,126.7200
1628265525051000,0,0.17050991,126.7300
1628265525051000,0,0.50000000,126.7500
1628265525051000,0,51.31940203,126.7800
1628265525051000,0,10.00000000,126.7900
1628265525051000,0,0.51711455,126.8100
1628265525051000,0,167.18297351,126.8200
1628265530866000,1,18.00000000,126.8100
1628265530866000,1,33.00000000,126.8000
1628265530922000,1,7.87699288,126.8100
1628265532863000,0,2.45040000,126.9800
1628265532886000,0,1.23610000,126.9800
1628265532947000,0,2.94190000,126.9800
1628265533128000,0,1.13310000,126.9800
1628265533412000,0,12.79999294,126.9800
1628265533746000,0,1.55810000,126.9800
1628265534533000,0,12.15106580,126.9800
1628265535083000,1,5.00000000,126.9900
1628265537790000,1,18.00000000,126.9900
1628265537790000,1,5.00000000,126.9800
1628265537790000,1,59.71034786,126.9700
1628265538164000,0,0.93876000,127.0000
1628265541709000,1,29.62360000,126.9900
1628265541770000,0,0.00000780,127.0000
1628265543566000,1,18.00000000,126.9900
1628265543732000,0,18.00000000,126.9900
1628265543810000,0,42.50000000,126.9900
1628265549796000,1,3.10020000,126.9600
1628265550888000,1,0.49781850,126.9500
1628265550888000,1,0.48111905,126.9000
1628265550888000,1,2.01406245,126.8900
1628265555357000,1,0.48083508,126.8900
1628265555357000,1,0.02003492,126.8600
1628265556694000,1,0.51332000,126.8900
1628265566451000,1,0.00000143,126.8900
1628265566451000,1,2.98999857,126.8300
1628265571676000,1,0.48178926,126.7800
1628265581474000,1,0.48000000,126.5800
1628265581541000,1,0.00111926,126.5800
1628265588668000,0,6.71803320,126.6900
1628265589204000,0,0.49878959,126.7700
1628265589204000,0,10.94271305,126.7900
1628265589649000,0,0.49760330,126.7900
1628265589649000,0,8.77219670,126.8500
1628265590579000,0,0.50841991,126.7900
1628265593380000,0,0.00000001,126.7900
1628265595040000,0,6.71480000,126.7600
1628265596947000,0,6.71480000,126.7600
1628265600449000,1,0.74064732,126.7000
1628265607165000,0,6.70831000,126.9000
1628265610605000,0,14.43000000,126.9500
1628265651026000,0,6.69000000,127.0300
1628265664881000,1,7.87116477,126.9500
1628265664881000,1,4.49993523,126.9500
1628265667006000,1,1.41640000,126.9400
1628265667533000,1,0.00008222,126.9400
1628265677425000,1,0.20075879,126.8500
1628265679097000,0,7.87000000,127.0300
1628265681449000,1,1.21627000,126.9700
1628265705869000,0,7.87000000,127.0800
1628265748248000,1,0.29041582,126.9700
1628265749476000,1,9.81480000,126.9500
1628265749660000,1,0.00000897,126.9500
1628265775332000,1,19.93000000,127.0100
1628265775970000,1,19.00000000,126.9600
1628265776175000,1,0.93000000,126.9600
1628265788295000,0,18.00000000,127.0700
1628265796767000,0,6.70041919,126.9900
1628265796767000,0,7.88084167,127.0100
1628265796767000,0,20.93200000,127.0100
1628265796767000,0,33.50209591,127.0300
1628265796767000,0,32.46052488,127.0300
1628265796905000,0,7.87873058,127.0200
1628265796905000,0,19.69528746,127.0400
1628265796905000,0,0.51903779,127.0500
1628265796905000,0,20.93200000,127.0600
1628265796905000,0,10.00000000,127.0700
1628265796905000,0,51.19782193,127.0800
1628265796905000,0,0.49992141,127.0900
1628265796905000,0,50.24010135,127.1300
1628265796905000,0,0.49593578,127.1300
1628265796905000,0,123.50130000,127.1300
1628265799628000,0,0.51000000,127.2500
1628265802578000,0,7.10000000,127.2400
1628265803107000,1,3.12200708,127.1900
1628265805471000,0,44.00000000,127.4000
1628265815201000,1,0.51644000,127.4300
1628265815521000,1,0.00000309,127.4300
1628265815521000,1,0.50839691,127.4300
1628265815827000,1,0.51754000,127.3900
1628265816155000,1,0.00000601,127.3900
1628265816155000,1,1.42668399,127.3700
1628265819489000,1,0.49871000,127.4300
1628265830439000,1,0.00001578,127.3700
1628265830439000,1,5.65435422,127.2900
1628265830607000,1,28.49300000,127.2900
1628265864352000,1,7.85052000,127.2700
1628265900938000,1,6.92000000,127.2100
1628265928888000,1,7.84940000,127.3200
1628265929238000,1,0.40317640,127.3000
1628265931933000,1,20.01210000,127.2500
1628265932589000,1,13.29600000,127.2500
1628265970078000,1,19.99130000,127.3100
1628265989110000,1,19.99890000,127.1800
1628265993969000,0,5.00000000,127.3100
1628266000074000,0,6.68000000,127.2800
1628266005508000,1,0.20223000,127.1800
1628266015030000,0,6.67756156,127.3700
1628266015030000,0,1.16954312,127.3800
1628266049023000,1,19.96580000,127.3700
1628266049584000,1,3.88320000,127.3400
1628266049621000,1,1.70000000,127.3400
1628266067540000,1,4.48990000,127.4200
1628266071105000,0,0.77303406,127.5400
1628266086000000,0,6.66000000,127.5800
1628266086020000,0,0.00554050,127.5800
1628266094621000,1,0.95174047,127.5900
1628266113641000,0,6.65000000,127.7500
1628266113814000,0,0.00770776,127.7500
1628266131750000,0,6.65000000,127.8700
1628266133613000,1,3.66132549,127.7800
1628266136395000,1,7.82530000,127.7100
1628266205954000,0,0.00138191,127.8700
1628266205954000,0,6.64547482,127.9800
1628266205954000,0,1.00000000,128.0000
1628266205954000,0,28.84624327,128.0000
1628266205956000,0,1.40440000,128.0000
1628266207710000,0,5.00000000,128.0000
1628266207804000,1,3.65893378,127.9400
1628266208507000,0,14.74935672,128.0000
1628266208536000,0,0.00000001,128.0000
1628266214408000,1,10.08737600,128.0400
1628266214473000,0,120.00000000,128.1100
1628266214486000,0,0.00099598,128.1100
1628266215210000,1,3.69579613,128.1000
1628266219254000,1,5.57420000,128.1400
1628266219266000,1,0.00006000,128.1400
1628266219266000,1,20.06600000,128.1300
1628266219266000,1,1.92674000,128.1300
1628266220087000,1,7.79071036,128.1200
1628266220087000,1,3.53028964,128.1200
1628266220100000,1,1.29960000,128.1200
1628266220148000,1,1.02030000,128.1200
1628266220153000,1,1.10840000,128.1200
1628266220225000,1,1.14020000,128.1200
1628266220280000,1,1.10880000,128.1200
1628266220332000,1,3.34860000,128.1200
1628266220367000,1,1.25640000,128.1200
1628266220426000,1,1.46630000,128.1200
1628266220456000,1,1.39230000,128.1200
1628266220460000,1,1.09180000,128.1200
1628266220506000,1,1.72700000,128.1200
1628266220595000,1,0.00643514,128.1200
1628266220595000,1,1.96936486,128.1100
1628266220602000,1,1.21860000,128.1100
1628266220759000,1,1.06890000,128.1100
1628266220842000,1,1.28700000,128.1100
1628266220910000,1,14.52210000,128.1100
1628266221263000,1,2.50000000,128.0700
1628266221532000,1,17.68160000,128.0600
1628266222012000,1,34.31840000,128.0600
1628266245910000,1,1.00000000,127.9900
1628266248125000,1,7.80400000,128.0000
1628266248248000,1,0.00008622,128.0000
1628266248248000,1,6.63571378,127.9800
1628266276643000,1,19.51350000,128.0200
1628266276890000,1,7.80500000,128.0100
1628266277121000,1,0.00006080,128.0100
1628266277121000,1,7.80627937,127.9900
1628266277121000,1,1.81041654,127.9500
1628266277210000,1,1.10800000,127.9500
1628266280230000,1,7.80920000,127.9600
1628266296680000,1,7.81530000,127.8300
1628266349305000,1,5.65437000,127.5900
1628266351231000,1,17.00000000,127.5200
1628266351288000,1,16.00000000,127.5200
1628266351337000,1,20.00000000,127.5200
1628266351409000,1,20.29300000,127.5100
1628266359183000,0,1.76140000,127.7200
1628266359192000,0,1.41900000,127.7200
1628266359194000,0,1.05820000,127.7200
1628266359240000,0,2.79420000,127.7200
1628266359362000,0,1.35980000,127.7500
1628266359401000,0,1.12580000,127.7200
1628266381144000,1,0.16082100,127.5500
1628266405377000,1,1.21250000,127.6100
1628266434195000,1,11.36585181,127.2600
1628266435747000,1,0.72604183,127.2800
1628266440290000,1,1.66410886,127.2800
1628266461277000,1,9.07435714,127.3000
1628266481817000,1,2.59870069,127.3700
1628266486415000,1,0.63434872,127.3400
1628266511030000,1,7.84880000,127.3200
1628266511053000,1,0.00000070,127.3200
1628266521987000,1,0.95000000,127.1900
1628266541480000,1,1.71070000,127.1200
1628266541509000,1,6.14932861,127.1200
1628266560281000,1,4.04180616,127.1700
1628266563144000,0,1.26565577,127.3800
1628266564899000,1,0.79234829,127.2200
1628266612923000,1,0.98526027,127.3200
1628266624043000,1,7.54068712,127.3700
1628266633277000,1,0.40599500,127.4500
1628266654439000,0,0.40062000,127.3600
1628266662706000,1,6.67330000,127.2900
1628266679703000,0,0.00000190,127.3600
1628266687836000,1,0.40142000,127.3900
1628266719010000,1,1.00000000,127.2700
1628266734198000,1,15.83949185,127.3200
1628266735529000,1,0.50000000,127.3200
1628266779803000,1,1.64820562,127.2500
1628266821760000,0,0.22833344,127.4300
1628266865616000,1,3.95925054,127.1500
1628266912213000,1,2.79326842,127.2100
1628266920279000,1,0.94987330,127.2600
1628266970440000,1,5.91910459,127.2100
1628266979404000,1,0.20000000,127.2000
1628266990798000,1,0.17640942,127.1800
1628266993624000,1,2.42898447,127.1300
1628266996017000,1,0.42249292,127.1300
1628267016086000,1,17.57653935,127.0300
1628267053212000,1,4.29053450,127.0400
1628267096822000,0,0.23876699,127.3600
1628267103298000,1,6.67680532,127.2300
1628267103298000,1,7.54117147,127.2300
1628267134597000,1,1.58547590,127.2900
1628267151567000,1,1.59629200,127.2700
1628267191239000,1,1.92424504,127.2900
1628267273365000,1,0.40894646,127.3300
1628267369033000,1,36.00000000,127.2300
1628267401810000,1,6.68053957,127.1800
1628267401810000,1,1.74946043,127.1800
1628267510468000,1,2.39048057,126.7800
1628267511492000,1,2.39048057,126.7800
1628267512546000,1,1.91969230,126.7800
1628267512546000,1,0.47078827,126.7800
1628267513556000,1,2.39048057,126.7800
1628267514556000,1,2.37743135,126.7800
1628267515566000,1,2.37743135,126.7800
1628267516595000,1,2.37743136,126.7800
1628267517697000,1,1.94579073,126.7800
1628267517697000,1,0.43164062,126.7600
1628267518665000,1,2.37743136,126.7900
1628267519673000,1,2.37743135,126.7800
1628267534681000,0,0.38516806,127.0100
1628267562550000,1,10.00000000,126.9000
1628267562550000,1,6.69340732,126.8900
1628267562550000,1,18.00000000,126.8800
1628267562550000,1,76.91972636,126.8800
1628267601294000,1,6.69062441,126.9300
1628267601294000,1,18.00000000,126.9300
1628267601294000,1,20.06120000,126.9200
1628267601294000,1,5.24817559,126.9100
1628267607460000,1,0.26716476,126.9100
1628267620017000,0,6.00000000,127.0900
1628267640305000,1,6.69002390,126.9500
1628267640305000,1,1.53256880,126.9500
1628267662178000,1,0.40314761,126.9500
1628267716921000,0,0.38082701,127.2800
1628267814772000,1,10.00000000,127.1100
1628267837319000,1,0.68877800,127.1500
1628267855234000,1,6.67667726,127.2000
1628267855234000,1,3.32332274,127.2000
1628267858183000,1,0.20065906,127.2400
1628267916811000,0,7.84248997,127.2300
1628267965129000,0,5.00000000,127.2700
1628267965129000,0,12.24206473,127.2800
1628267990819000,1,2.11300040,127.1600
1628268024575000,1,5.18755000,127.2600
1628268043605000,1,0.23823088,127.0700
1628268043616000,1,0.66482000,127.0700
1628268127083000,1,6.68496397,127.0500
1628268127083000,1,1.24731713,127.0500
1628268128100000,1,7.93228111,127.0500
1628268129088000,1,7.93228110,127.0500
1628268130081000,1,6.68496397,127.0500
1628268130081000,1,1.24731714,127.0200
1628268131153000,1,6.68496397,127.0500
1628268131153000,1,1.24731713,127.0200
1628268133085000,1,6.68496397,127.0500
1628268133085000,1,7.86720164,127.0300
1628268133085000,1,1.31239660,127.0200
1628268135099000,1,6.68496397,127.0500
1628268135099000,1,7.86720164,127.0100
1628268135099000,1,0.06507947,127.0100
1628268136118000,1,6.68496397,127.0500
1628268183204000,1,0.20000000,127.0500
1628268415166000,0,0.59557375,126.9700
1628268448779000,1,0.17700000,126.6100
1628268452769000,1,6.53011000,126.6100
1628268484743000,1,0.40091647,126.2400
1628268484927000,1,0.40049791,126.2400
1628268485138000,1,0.40544715,126.2400
1628268485586000,0,0.39444752,126.4300
1628268494251000,0,0.43674190,126.3900
1628268671212000,1,0.95170196,126.1700
1628268724791000,0,0.59585600,126.3800
1628268736305000,1,6.12499000,126.3800
1628268754124000,1,0.00000187,126.3800
1628268754124000,1,0.23899813,126.3300
1628268858583000,0,0.77660602,126.4700
1628269073484000,0,7.91210000,126.4700
1628269073506000,0,0.00004356,126.4700
1628269073511000,0,4.10520000,126.4900
1628269073532000,0,3.00770000,126.4900
1628269073569000,0,2.33010000,126.4900
1628269073574000,0,1.11900000,126.4900
1628269104491000,1,72.00000000,126.5000
1628269104635000,1,38.64520000,126.5000
1628269104692000,1,66.00000000,126.5000
1628269104756000,1,11.75790000,126.5000
1628269151013000,0,0.77258853,126.5800
1628269227782000,1,0.40691530,126.4600
1628269364653000,1,0.16155900,126.5000
1628269366057000,1,0.24226100,126.5000
1628269392959000,1,0.36576444,126.5000
1628269393042000,1,0.18299377,126.5000
1628269393120000,0,0.41822242,126.6500
1628269413778000,1,6.70423827,126.6500
1628269413778000,1,1.50000000,126.6300
1628269413778000,1,3.86424213,126.6200
1628269424252000,1,0.20911010,126.7300
1628269747577000,1,0.51439394,126.8700
1628269789044000,0,0.39188656,126.9500
1628269828739000,1,0.74695249,126.9200
1628269887366000,1,0.53243883,127.0700
1628269971329000,1,0.48817621,127.0000
1628270021024000,1,8.89784561,126.8800
1628270165914000,0,12.75520000,127.0000
1628270171302000,0,0.00008055,127.0000
1628270257693000,0,4.00000000,127.2400
1628270257933000,0,7.86114081,127.2800
1628270265618000,1,0.28989579,127.1800
1628270346859000,0,0.22945591,127.1100
1628270390561000,1,6.68740000,126.9900
1628270413393000,1,0.00006536,126.9900
1628270413393000,1,0.41347321,126.9300
1628270465157000,1,0.48638274,126.8800
1628270466184000,1,0.48638274,126.8800
1628270467193000,1,0.48638273,126.8800
1628270468221000,1,0.48638274,126.8800
1628270499407000,1,23.15660000,126.8800
1628270529021000,1,0.00002344,126.8800
1628270541636000,1,2.04121000,126.7300
1628270609010000,0,3.00000000,126.9200
1628270992197000,1,0.76117795,127.0900
1628271025555000,1,0.22919900,126.8500
1628271059443000,0,0.22919589,127.2200
1628271193801000,0,0.30109244,127.0700
1628271226125000,1,6.68950000,126.9600
1628271230953000,1,0.00007942,126.9600
1628271230953000,1,3.77132058,126.9300
1628271265271000,1,0.28989360,126.8600
1628271343504000,0,1.70464392,126.9300
1628271369601000,1,1.00000000,126.7600
1628271500174000,0,0.38528945,126.8900
1628271523818000,1,0.47150247,126.7800
1628271600273000,0,0.82121394,127.1200
1628271607218000,0,7.87488385,127.0700
1628271607464000,0,2.53370000,127.0600
1628271668335000,0,0.26436109,127.1400
1628271748541000,0,3.87244078,127.2300
1628271856433000,0,7.74780061,127.3400
1628271879024000,1,0.28936754,127.2300
1628271951026000,0,0.74104272,127.5500
1628271957520000,0,6.36430000,127.6600
1628271957558000,0,1.20060000,127.6600
1628271957591000,0,0.27331916,127.6600
1628271960221000,1,2.15154186,127.5300
1628271965679000,1,53.00000000,127.4500
1628271974973000,0,1.27420000,127.4600
1628271974982000,0,2.21570000,127.4600
1628271990739000,1,2.41945723,127.3200
1628272021386000,1,0.42422300,127.2600
1628272032704000,1,6.24690000,127.2600
1628272032715000,1,0.00008882,127.2600
1628272032715000,1,1.56301118,127.2400
1628272032749000,1,2.38140000,127.2400
1628272034154000,1,4.12730000,127.1800
1628272036730000,0,2.00000000,127.2800
1628272069144000,1,4.20870000,127.0200
1628272069175000,1,1.07180000,127.0200
1628272117189000,1,0.17740000,126.9200
1628272178817000,1,2.09930000,127.0200
1628272178869000,1,1.23520000,127.0200
1628272409466000,0,0.27365000,126.9700
1628272461294000,0,1.88320319,127.0100
1628272468224000,0,0.19638609,127.0100
1628272474932000,0,0.38501643,127.0000
1628272475586000,0,0.77305959,127.0000
1628272631531000,1,6.69838052,126.7500
1628272631531000,1,2.90214948,126.7500
1628272645611000,1,0.89019000,126.8500
1628272684001000,1,6.69397324,126.8200
1628272684001000,1,25.48646676,126.7900
1628272698570000,1,0.87194266,126.7700
1628272760313000,0,0.45111401,126.6200
1628272760399000,0,0.27073491,126.6200
1628272804697000,0,7.89470000,126.7600
1628272981527000,1,1.99900000,126.4000
1628273291297000,1,0.39524700,126.6500
1628273377977000,0,0.39676270,126.6100
1628273381662000,0,1.19572840,126.6100
1628273389428000,1,0.39676269,126.6500
1628273400690000,1,0.00000001,126.6500
1628273495440000,1,1.50000000,126.5000
1628273509833000,1,2.04794100,126.5200
1628273525934000,1,0.44727900,126.4700
1628273620189000,0,0.80381348,126.4700
1628273646865000,0,0.78749505,126.3500
1628273780190000,1,1.70000000,126.2500
1628274129723000,1,17.25000000,126.4200
1628274137408000,1,58.91550000,126.5400
1628274137408000,1,0.00009981,126.5400
1628274144970000,1,57.00000000,126.4100
1628274145083000,1,7.90700000,126.3700
1628274145132000,1,0.00002375,126.3700
1628274145206000,1,19.76830000,126.3400
1628274145230000,1,0.00008471,126.3400
1628274145246000,1,3.31630000,126.3500
1628274145247000,1,4.33784169,126.3500
1628274145248000,1,0.25470540,126.3500
1628274145378000,1,38.57930000,126.3000
1628274145602000,1,4.91070000,126.3100
1628274145611000,1,2.99814709,126.3100
1628274145611000,1,19.77394698,126.3100
1628274154096000,1,0.90403372,126.1800
1628274379100000,0,0.97543636,126.1700
1628274441272000,1,0.37427400,126.0300
1628274458827000,1,1.03000000,126.0400
1628274466347000,0,7.92920000,126.2000
1628274466383000,0,0.00000803,126.2000
1628274466452000,0,19.82208000,126.2200
1628274466455000,0,0.00000745,126.2200
1628274477196000,1,15.00000000,126.2800
1628274503105000,0,0.19203812,126.3300
1628274580810000,1,0.20489416,126.1000
1628274586287000,1,2.97935000,126.0900
1628274610711000,1,1.96265517,126.1200
1628274611748000,1,2.83277839,126.1200
1628274612836000,1,2.83277840,126.1200
1628274615885000,1,2.83277839,126.1200
1628274793264000,1,40.00000000,126.2100
1628274852248000,1,57.00000000,126.0700
1628274882899000,1,1.94650111,126.0000
1628274927095000,1,0.95808000,125.9000
1628275077788000,0,0.20020615,126.0800
1628275148931000,0,0.26936649,126.0900
1628275257089000,0,2.69430562,126.1200
1628275258901000,0,0.45777641,126.1200
1628275368233000,1,0.38263500,125.8900
1628275378003000,1,0.16724273,125.8900
1628275497108000,1,0.19741419,125.9300
1628275531908000,1,7.95230000,125.9900
1628275531926000,1,7.70380000,125.9900
1628275531929000,1,17.34390000,125.9900
1628275534468000,1,1.00000000,125.9300
1628275534468000,1,1.00000000,125.9300
1628275550273000,0,0.23110540,125.9300
1628275557129000,0,3.79709339,125.9200
1628275646843000,1,24.00000000,125.6600
1628275646895000,1,11.00000000,125.6600
1628275661167000,0,0.45129715,125.6600
1628275733785000,1,0.16421485,125.6000
1628275736181000,1,2.71610396,125.6000
1628275737239000,1,2.71610396,125.6000
1628275738220000,1,2.71610396,125.6000
1628275739306000,1,2.71610396,125.6000
1628275798093000,1,1.00297651,125.5700
1628275832105000,1,22.00000000,125.6800
1628275832161000,1,35.00000000,125.6800
1628275863476000,0,0.45129000,125.6800
1628275863676000,0,0.00000564,125.6800
1628275924671000,1,2.00000000,125.8100
1628276076913000,1,0.17395636,125.7900
1628276146495000,0,0.27665660,125.8600
1628276156006000,1,40.00000000,125.7400
1628276184950000,1,0.50627700,125.6800
1628276259194000,1,49.00000000,125.7900
1628276299115000,1,1.96177617,125.7700
1628276350429000,0,0.23143594,125.7700
1628276361318000,0,0.55378866,125.7700
1628276405043000,0,7.95320000,125.8300
1628276436632000,1,46.00000000,125.8600
1628276507614000,0,0.47422352,125.8900
1628276520279000,1,1.19690733,125.7600
1628276585953000,1,42.39937000,125.8200
1628276586066000,1,4.09890000,125.8200
1628276648888000,1,3.81710000,125.7200
1628276706981000,1,0.40669900,125.6200
1628276707505000,1,0.16248400,125.6200
1628276729706000,1,0.30201876,125.7100
1628276890683000,1,4.14730780,125.7500
1628276955970000,0,7.94558000,125.9500
1628276956035000,0,0.00000861,125.9500
1628276956172000,0,19.86050000,125.9700
1628276990157000,1,0.38312600,126.0300
1628277043942000,1,3.54600000,125.8600
1628277081305000,1,0.79976176,125.8900
1628277216559000,0,7.93940000,126.0300
1628277354213000,1,0.90964242,126.2600
1628277389461000,0,81.76665158,126.2600
1628277442600000,1,0.20000000,126.2600
1628277445606000,1,0.24200000,126.2600
1628277471835000,0,7.91828332,126.3600
1628277471931000,0,1.37740000,126.4100
1628277472015000,0,5.00000000,126.4100
1628277472069000,0,7.91828332,126.4000
1628277472069000,0,1.05096499,126.4100
1628277472084000,0,1.60130000,126.4100
1628277472101000,0,10.76229304,126.4100
1628277472152000,0,1.05750000,126.4400
1628277472154000,0,2.03190000,126.4400
1628277472156000,0,13.01770000,126.4400
1628277472157000,0,5.00000000,126.4400
1628277472157000,0,1.37640000,126.4400
1628277472159000,0,24.98390000,126.4400
1628277472160000,0,2.31340000,126.4400
1628277472166000,0,1.67810000,126.4400
1628277472263000,0,0.00004439,126.4400
1628277472437000,0,7.91828332,126.4900
1628277472437000,0,19.79171668,126.4900
1628277472672000,0,7.91700000,126.4900
1628277472724000,0,0.00007435,126.4900
1628277472724000,0,0.25593554,126.5000
1628277472822000,1,3.68041954,126.5200
1628277474637000,1,3.74600000,126.5500
1628277474641000,1,48.25400000,126.5500
1628277474696000,1,11.67940000,126.5400
1628277475005000,1,11.69450000,126.5200
1628277479703000,1,1.70605100,126.4900
1628277489673000,1,6.71320000,126.4400
1628277546877000,0,0.58084692,126.6000
1628277583884000,1,6.71270000,126.5000
1628277589504000,1,0.00006877,126.5000
1628277589504000,1,0.50000000,126.4900
1628277589504000,1,26.70203123,126.4800
1628277611659000,1,0.00002637,126.4400
1628277611659000,1,3.93597363,126.4300
1628277611705000,1,1.02460000,126.4300
1628277620911000,1,6.71120000,126.4300
1628277632993000,1,0.00002637,126.4300
1628277632993000,1,4.99997363,126.3400
1628277716785000,1,0.54900000,126.2900
1628277757457000,0,4.95368698,126.3300
1628277778452000,0,7.93071725,126.1700
1628277778452000,0,5.09826434,126.1700
1628277785963000,0,5.09820000,126.1400
1628277921120000,0,0.51633682,126.3300
1628278012193000,1,2.73084388,126.2700
1628278260735000,1,0.40238356,126.3400
1628278275892000,0,7.91000000,126.4700
1628278276033000,0,0.00176796,126.4700
1628278293238000,0,0.68905951,126.6000
1628278307775000,0,1.97796904,126.6400
1628278315308000,0,7.90000000,126.6600
1628278323909000,1,2.78863217,126.5900
1628278354404000,0,0.29747894,126.6300
1628278357249000,1,7.42030000,126.5400
1628278357271000,1,1.14750000,126.5400
1628278357283000,1,26.43220000,126.5400
1628278375561000,0,6.72000000,126.5000
1628278439032000,1,0.83626854,126.3900
1628278440337000,1,5.88274836,126.3900
1628278440337000,1,3.03830942,126.3900
1628278456068000,0,0.31206070,126.4300
1628278697962000,0,7.91114000,126.4800
1628278800304000,1,0.31361995,126.3900
1628279032918000,1,6.71644000,126.4500
1628279040487000,1,3.43989550,126.3800
1628279044329000,0,7.91030000,126.5000
1628279045821000,1,1.73583847,126.4300
1628279160282000,1,0.65797807,126.3900
1628279204575000,1,5.32058931,126.2000
1628279204769000,1,4.09506955,126.2200
1628279305132000,0,0.22284000,126.1100
1628279360567000,0,0.23431925,126.2000
1628279387094000,0,6.21428224,126.1900
1628279460704000,1,0.33658700,126.2100
1628279469231000,1,0.45231093,126.2100
1628279516323000,1,6.72677296,126.2500
1628279516323000,1,18.00000000,126.2500
1628279516323000,1,10.00000000,126.2400
1628279516323000,1,7.44955794,126.2300
1628279519145000,0,7.91828332,126.3800
1628279549129000,1,2.00000000,126.4600
1628279592191000,0,1.27676155,126.4800
1628279688801000,0,7.92003928,126.3300
1628279688801000,0,11.59348830,126.3500
1628279943046000,1,0.23084006,126.1700
1628280065044000,1,1.97661272,126.3100
1628280078666000,1,1.08190000,126.2700
1628280119771000,0,7.91665000,126.4100
1628280119791000,0,0.00000347,126.4100
1628280120102000,0,19.79070000,126.4500
1628280120180000,0,0.00000462,126.4500
1628280558406000,1,1.06480000,125.9600
1628280580386000,0,7.94079000,126.0300
1628280741700000,1,6.73839081,126.0000
1628280741700000,1,18.00000000,126.0000
1628280741798000,0,19.26160919,126.0000
1628280872688000,0,18.00000000,125.9000
1628280872814000,0,7.94811471,125.9100
1628280872814000,0,21.46600000,125.9200
1628280873510000,0,18.00000000,125.9300
1628280937522000,1,0.16177600,125.9000
1628280960442000,1,0.16045400,126.0200
1628281287608000,0,1.67410000,126.1600
1628281340985000,1,15.64971361,126.0500
1628281352463000,1,1.00000000,126.0500
1628281393231000,0,0.28480401,126.1400
1628281413998000,0,0.55690152,126.1600
1628281442276000,0,0.38867434,126.1800
1628281489524000,1,1.04060000,126.0400
1628281489598000,1,1.08960000,126.0400
1628281489623000,1,1.08950000,126.0400
1628281489846000,1,1.56990000,126.0400
1628281489930000,1,1.04800000,126.0400
1628281489962000,1,1.06390000,126.0400
1628281490111000,1,1.29060000,126.0400
1628281530777000,1,18.00000000,125.8200
1628281533978000,0,7.94735000,125.9100
1628281554680000,0,7.95595000,125.8300
1628281554759000,0,0.00000583,125.8300
1628281644993000,1,0.39327197,125.5800
1628281645304000,1,0.82520406,125.5800
1628281666820000,1,0.39988284,125.6000
1628281680290000,1,1.71795490,125.5200
1628281700380000,1,0.42837792,125.5800
1628281701397000,1,0.42837792,125.5800
1628281702426000,1,0.36242954,125.5400
1628281704448000,1,0.36242954,125.5400
1628281705466000,1,0.36242954,125.5400
1628281706495000,1,0.36242954,125.5400
1628281733710000,0,7.95709000,125.7400
1628281733759000,0,0.00000534,125.7400
1628281733977000,0,7.95709534,125.7700
1628281733977000,0,11.93944466,125.7800
1628281734075000,0,7.95710238,125.7800
1628281850415000,1,3.68509468,126.1300
1628281859921000,0,7.92769938,126.2300
1628281894046000,0,7.92000000,126.3200
1628281894144000,0,0.00292578,126.3200
1628281903414000,1,3.68268740,126.2800
1628282034891000,1,6.71410000,126.4100
1628282060677000,0,0.82872753,126.2900
1628282077929000,1,1.17680000,126.3700
1628282078159000,1,1.18410000,126.3700
1628282078318000,1,12.63910000,126.3700
1628282105432000,1,3.15000000,126.2200
1628282127487000,1,0.79181000,126.2500
1628282220179000,0,0.26363398,126.3200
1628282402910000,1,6.72173602,126.2400
1628282402910000,1,0.00669524,126.2400
1628282520320000,1,0.77786846,126.1500
1628282586904000,0,0.40006342,126.1500
1628282599153000,0,4.61902861,126.1300
1628282640296000,1,1.03644418,126.1000
1628282668390000,0,1.18255288,126.2100
1628282709587000,1,0.71914223,126.1000
1628282864896000,1,6.73173000,126.0900
1628282865071000,1,0.00000389,126.0900
1628283075173000,0,6.14000000,126.3000
1628283075188000,0,3.67480897,126.3000
1628283120379000,0,7.92010000,126.3600
1628283390156000,1,0.27352621,126.1300
1628283572636000,0,5.12249896,126.3000
1628283623685000,1,0.40123159,126.2700
1628283744483000,1,0.25640348,126.1300
1628283744617000,1,0.93000000,126.1300
1628283840268000,1,1.00000000,126.0300
1628284003721000,1,0.75224000,125.9700
1628284077930000,1,0.20008811,125.9800
1628284108401000,0,0.94009444,126.1100
1628284183712000,1,2.59617023,125.9700
1628284225807000,1,0.40356544,125.9700
1628284295775000,1,1.91343003,126.0100
1628284310794000,1,0.27179485,126.0100
1628284314637000,0,0.42660895,126.1100
1628284560311000,1,1.08186587,126.0200
1628284602835000,1,2.00000000,125.9500
1628284749474000,1,1.52453147,125.8900
1628284800381000,1,1.29195836,125.9700
1628284803272000,1,5.44418180,125.9700
1628284803272000,1,6.54692409,125.9400
1628284854269000,1,0.15999071,126.0800
1628285008496000,1,3.01113142,126.0400
1628285196135000,0,0.17281900,126.1300
1628285276622000,1,1.19851318,126.1000
1628285347882000,1,6.72542245,126.1700
1628285347882000,1,18.88997236,126.1400
1628285362576000,0,0.40238291,126.3000
1628285398071000,1,0.28727700,126.1600
1628285428717000,1,0.58025897,126.1200
1628285520312000,1,0.30328738,126.1200
1628285570287000,1,3.47650887,126.1200
1628285589438000,1,0.23734700,126.1200
1628285610776000,1,2.13038913,126.1200
1628285610776000,1,4.01304365,126.1200
1628285749140000,0,6.72674377,126.1800
1628285753306000,0,6.72667770,126.1800
1628285754822000,0,6.72690615,126.1800
1628285756300000,0,6.72690615,126.1800
1628285757802000,0,3.09276623,126.1800
1628285841832000,0,0.38913564,126.2800
1628285880272000,1,0.21105142,126.1500
1628285896336000,1,1.09044129,126.1500
1628285922612000,1,1.35648400,126.2000
1628286053365000,1,0.16388042,126.2000
1628286105301000,1,0.23769907,126.2000
1628286107603000,1,4.96715946,126.2000
1628286107603000,1,6.93248954,126.2000
1628286135971000,1,0.92514171,126.2000
1628286168697000,1,1.78412316,126.2000
1628286168697000,1,6.72688265,126.1700
1628286171175000,1,6.72786640,126.1400
1628286219191000,1,2.12464358,126.1000
1628286224747000,1,6.73182722,126.0500
1628286225238000,1,6.73182722,126.0500
1628286256878000,0,2.66203156,126.2000
1628286269719000,1,4.82089523,126.0500
1628286290315000,1,6.74142522,125.8700
1628286290795000,1,0.75135298,125.8700
1628286314276000,1,5.99007224,125.8700
1628286345782000,1,1.27302023,125.9300
1628286348627000,1,5.46581031,125.9300
1628286348627000,1,2.53418969,125.8900
1628286383263000,0,7.94319000,125.9700
1628286427532000,0,1.00830046,126.0900
1628286428515000,1,0.67049685,125.9800
1628286460766000,0,7.93000000,126.1000
1628286460767000,0,0.00562620,126.1000
1628286508905000,1,6.71994000,126.2600
1628286627193000,1,0.36975632,126.1900
1628286630295000,1,1.94647305,126.1900
1628286668385000,1,6.71000000,126.2800
1628286668458000,1,0.00889037,126.2800
1628286674148000,1,1.60100015,126.1400
1628286698219000,1,0.30300713,126.0700
1628286728834000,0,7.93801000,126.0700
1628286732584000,0,0.99571565,126.1300
1628286763068000,1,0.79273126,126.0300
1628286813611000,0,7.94268000,125.9900
1628286944246000,1,0.25271301,125.9700
1628286952305000,0,0.67907100,125.9800
1628287024796000,1,1.94987206,125.8600
1628287036320000,1,0.49232998,125.7800
1628287036320000,1,7.68225352,125.7800
1628287056596000,1,6.74000000,125.8900
1628287153233000,1,5.13126064,125.9700
1628287156547000,1,6.73654513,125.9500
1628287178039000,1,0.00127792,125.8900
1628287178571000,1,6.74145387,125.8900
1628287258801000,1,6.71000000,126.3300
1628287276420000,0,1.50399746,126.3300
1628287348599000,1,3.67490825,126.8300
1628287348812000,1,3.67490825,126.8300
1628287356214000,0,33.59839000,127.0000
1628287356269000,0,5.00000000,127.0000
1628287356394000,0,11.40161000,127.0000
1628287356394000,0,22.19678000,127.0000
1628287356592000,0,11.40161000,127.0000
1628287360331000,1,3.08206030,126.9400
1628287360357000,1,7.94425385,126.9400
1628287360363000,1,0.84068585,126.9400
1628287361159000,1,2.91055134,126.8700
1628287362288000,1,7.43378951,126.8700
1628287364423000,0,0.50497156,126.8800
1628287364423000,0,0.16472844,126.9000
1628287364706000,1,1.52265915,126.7700
1628287365002000,0,2.00130000,126.8400
1628287365016000,0,0.50471905,126.8400
1628287365186000,0,19.72886290,126.8400
1628287365186000,0,7.89203693,126.8400
1628287365206000,0,0.51138217,126.8500
1628287365660000,1,11.86699999,126.8500
1628287368150000,0,7.89203000,126.9100
1628287368594000,0,0.00000693,126.9100
1628287368683000,0,16.00000000,126.9400
1628287368745000,0,3.70950000,126.9400
1628287376001000,0,7.88581000,126.9600
1628287376072000,0,0.00000342,126.9600
1628287376072000,0,19.71049658,126.9700
1628287391556000,1,0.81074000,126.6700
1628287393194000,1,26.53446997,126.6500
1628287399219000,1,8.53263458,126.6400
1628287404358000,0,0.15679167,126.9200
1628287416763000,0,0.00000715,127.0000
1628287416763000,0,0.99999284,127.0500
1628287416787000,0,0.00000716,127.0500
1628287416817000,0,7.87252000,127.1100
1628287416859000,0,0.00000803,127.1100
1628287416951000,0,7.88407000,127.1300
1628287417018000,0,0.00000260,127.1300
1628287417018000,0,5.00000000,127.1500
1628287417018000,0,51.17366740,127.1600
1628287440314000,1,0.43597784,127.0600
1628287443581000,1,4.50000000,127.0600
1628287443581000,1,16.34764000,127.0500
1628287478016000,0,0.38438089,127.1800
1628287497226000,0,6.42263596,127.1600
1628287497401000,0,7.86769680,127.1800
1628287576061000,1,4.80705959,127.2200
1628287621044000,0,0.39169022,127.3200
1628287664993000,1,16.36029122,126.8500
1628287693041000,1,1.66878045,126.9100
1628287739170000,1,1.93312637,126.8900
1628287769506000,0,2.14154872,127.0500
1628287812703000,1,1.66978359,126.8800
1628287889056000,1,0.56380612,126.8000
1628287889495000,1,54.43000000,126.8000
1628287889535000,1,0.00619388,126.8000
1628287890739000,1,19.33970251,126.6700
1628287891380000,0,7.89403000,126.9000
1628287932862000,1,1.67201712,126.8300
1628287953800000,1,1.58574465,126.7500
1628288119545000,0,7.90576000,126.6100
1628288119733000,0,0.00000330,126.6100
1628288119733000,0,19.76347670,126.6200
1628288119920000,0,0.00000558,126.6200
1628288119920000,0,4.99999442,126.6700
1628288120112000,0,7.90463844,126.6600
1628288120112000,0,19.76067045,126.6600
1628288120112000,0,1.33469111,126.6800
1628288120183000,0,17.60630000,126.6800
1628288120246000,0,4.76985000,126.6800
1628288120316000,0,8.72431000,126.6800
1628288120379000,0,18.94100000,126.6800
1628288175700000,1,4.90000000,126.4600
1628288176853000,1,106.89829580,126.4500
1628288219663000,0,5.72352723,126.5400
1628288219663000,0,8.58800277,126.5500
1628288232116000,0,5.40015000,126.5800
1628288293014000,1,1.67650214,126.5400
1628288317701000,0,0.39269082,126.6900
1628288341176000,0,5.15665000,126.5900
1628288345306000,0,5.03379000,126.5800
1628288345307000,0,0.00000986,126.5800
1628288376297000,0,4.92373000,126.5900
1628288376356000,0,0.00000347,126.5900
1628288457363000,1,0.16954384,126.3700
1628288460530000,0,2.09000000,126.5200
1628288518975000,1,0.70660191,126.2000
1628288522865000,0,0.23415214,126.3900
1628288880279000,1,1.38681944,126.1800
1628288938208000,0,1.14648943,126.2800
1628289000561000,0,4.73865000,125.9900
1628289000726000,1,0.49735245,125.8800
1628289000726000,1,0.51816356,125.8600
1628289000726000,1,0.24877878,125.8200
1628289001184000,0,0.00000916,125.9900
1628289001186000,0,11.84624000,126.0400
1628289053318000,0,1.50000000,126.0700
1628289099761000,1,6.73298000,125.9700
1628289307547000,1,0.41423503,125.6400
1628289314811000,1,0.16383600,125.6400
1628289329262000,1,0.41621800,125.6300
1628289364870000,1,3.80000000,125.6300
1628289465918000,0,3.91021978,125.6400
1628289578328000,0,0.25837441,125.6600
1628289592837000,1,6.75596433,125.5400
1628289592837000,1,18.00000000,125.5400
1628289592837000,1,2.50000000,125.5300
1628289592837000,1,10.00000000,125.5300
1628289592837000,1,4.91502537,125.5200
1628289680378000,1,20.00910000,125.5000
1628289700405000,1,0.00006334,125.5000
1628289717795000,0,7.97280000,125.5300
1628289739879000,0,0.85971957,125.5500
1628289809175000,1,0.15943878,125.4400
1628289809510000,1,15.11292000,125.2900
1628289809900000,0,18.00000000,125.2800
1628289811991000,1,0.48845356,125.0900
1628289811991000,1,0.55435628,125.0600
1628289818093000,0,7.99105000,125.2400
1628289818116000,0,0.00000002,125.2400
1628289818222000,0,19.97790000,125.2700
1628289818238000,0,0.00005186,125.2700
1628289818243000,0,7.99105002,125.2600
1628289818243000,0,43.94354998,125.2800
1628289818372000,0,7.99112193,125.2800
1628289822502000,1,0.79000000,125.2500
1628289931532000,1,1.35499509,125.4200
1628290175959000,1,6.77011381,125.2800
1628290175959000,1,18.00000000,125.2800
1628290175959000,1,2.16834109,125.2800
1628290300967000,1,6.75661000,125.5200
1628290599499000,1,0.70651368,125.5200
1628290741616000,0,2.72506357,125.7300
1628290801158000,1,6.74351000,125.7900
1628291057786000,1,0.36958600,125.4400
1628291415451000,1,10.49470422,125.4400
1628291415540000,1,0.71313080,125.4400
1628291536088000,0,6.86450000,125.5200
1628291536090000,0,0.00006370,125.5200
1628291804478000,1,37.59450000,125.1800
1628291862064000,1,0.40000000,124.9900
1628291862082000,1,6.78957446,124.9400
1628291862082000,1,3.90000000,124.8900
1628291862082000,1,1.08342554,124.8800
1628291862201000,1,4.40234511,124.9400
1628291862384000,1,2.10837022,124.8900
1628291863904000,1,8.00371000,124.8200
1628291863907000,1,0.00000372,124.8200
1628291863936000,1,20.01020000,124.8000
1628291864059000,1,11.70000000,124.5300
1628291864059000,1,0.58788981,124.5100
1628291864122000,1,1.71211019,124.6500
1628291864213000,0,15.00000000,124.6700
1628291864295000,0,85.19820000,124.6700
1628291975717000,0,4.80470000,125.0600
1628292004306000,0,0.00008630,125.0600
1628292679428000,1,6.74659000,125.7200
1628292741706000,1,6.74845000,125.6900
1628292893422000,1,6.75420000,125.5700
1628292955600000,1,0.00008194,125.5700
1628292962412000,1,6.76072517,125.4700
1628292962412000,1,0.28558989,125.4700
1628292983145000,0,0.91514522,125.6300
1628292998419000,1,6.76072517,125.4700
1628293046580000,1,3.23895763,125.4300
1628293046614000,1,3.52208932,125.4300
1628293059022000,0,7.97980000,125.4400
1628293416747000,0,0.46826593,125.5700
1628293483004000,1,0.33802000,125.3300
1628293520371000,1,6.76466000,125.3800
1628293578497000,1,6.77010000,125.3000
1628293662305000,0,72.00000000,125.3400
1628293664243000,0,12.00000000,125.3400
1628293696896000,1,0.24208914,125.3200
1628293717420000,0,1.41744349,125.4400
1628293733783000,1,0.68626000,125.3400
1628293738471000,0,0.40076215,125.4600
1628294413072000,0,2.02602083,125.7600
1628294413154000,0,0.62852192,125.7600
1628294512288000,1,0.00002232,125.3000
1628294665319000,1,0.23962139,125.3300
1628294699290000,1,6.76670000,125.3700
1628294699802000,1,0.00006886,125.3700
1628294701282000,1,33.00000000,125.2600
1628294701282000,1,6.77110000,125.2600
1628294857291000,1,0.60000000,124.9200
1628294937936000,1,4.39425246,125.0300
1628294949453000,1,2.00000000,125.0300
1628295052457000,1,2.35529199,125.6000
1628295065239000,1,4.39885000,125.6000
1628295111397000,1,3.69053896,125.7700
1628295159551000,1,6.73970000,125.8500
1628295211307000,1,0.47905946,125.7400
1628295211456000,1,1.23000000,125.7400
1628295335319000,1,6.77550000,125.2000
1628295438307000,1,0.00003068,125.2000
1628295438307000,1,1.49760175,125.1800
1628295711334000,1,6.74467000,125.7700
1628295711368000,1,0.00000423,125.7700
1628295733653000,1,6.74722000,125.7300
1628295743694000,1,0.00000223,125.7300
1628295743694000,1,6.74721777,125.7300
1628295743729000,1,0.00000446,125.7300
1628295778771000,1,0.32199400,125.6200
1628295794198000,1,0.68000000,125.5700
1628296021025000,1,3.68812814,125.9400
1628296087369000,1,6.73871000,125.8900
1628296092056000,0,3.66050700,125.9300
1628296214011000,1,2.29407752,126.0800
1628296217792000,1,1.44899336,126.1000
1628296229994000,1,3.66693299,126.2300
1628296290597000,1,0.67057827,126.2000
1628296317399000,1,0.16413663,126.1600
1628296317481000,1,0.49372495,126.1600
1628296318144000,1,5.87410000,126.1600
1628296318174000,1,0.19081314,126.1600
1628296318174000,1,2.98358686,126.1500
1628296318192000,1,1.77120000,126.1500
1628296318209000,1,1.06170000,126.1500
1628296318230000,1,1.04970000,126.1500
1628296318236000,1,1.07260000,126.1500
1628296318259000,1,1.06860000,126.1500
1628296318292000,1,1.03890000,126.1500
1628296318348000,1,1.10410000,126.1500
1628296319315000,1,35.00000000,126.0900
1628296381333000,1,0.79638064,126.3700
1628296433014000,1,3.68087829,126.4200
1628296449921000,1,6.71046000,126.4000
1628296499441000,1,0.48294756,126.3800
1628296597418000,0,7.90000000,126.5500
1628296631074000,1,0.56094149,126.5000
1628296650411000,1,3.67847375,126.6200
1628296682418000,1,3.67607088,126.7400
1628296748374000,1,6.69351000,126.7100
1628296762558000,0,2.29040000,126.8000
1628296762601000,0,2.53920000,126.8000
1628296762624000,0,1.68480000,126.8000
1628296762641000,0,1.37620000,126.8000
1628296762664000,0,0.00006692,126.8000
1628296762692000,0,1.55180000,126.8200
1628296762750000,0,1.25110000,126.8200
1628296825996000,1,1.44780000,126.7300
1628296826126000,1,1.20320000,126.7300
1628296826152000,1,4.04177637,126.7300
1628296838804000,1,0.00000462,126.7100
1628296838804000,1,5.42204341,126.6500
1628296843169000,1,6.69956970,126.6000
1628296843169000,1,18.00000000,126.6000
1628296843169000,1,1.00000000,126.5900
1628296843169000,1,4.02000200,126.5800
1628296881409000,1,2.25070000,126.6400
1628296881437000,1,4.44801893,126.6400
1628296928340000,1,6.68910000,126.8100
1628296933499000,1,0.00000015,126.8100
1628296933499000,1,3.90699985,126.8100
1628296974173000,1,6.69310000,126.7400
1628297075400000,1,3.27420894,126.9000
1628297137739000,1,3.41120000,126.9000
1628297137769000,1,3.25220000,126.8800
1628297137780000,1,1.43850000,126.8800
1628297137795000,1,1.14940000,126.8800
1628297138662000,1,5.57220119,126.8600
1628297559739000,1,36.00000000,127.2100
1628297559803000,1,16.00000000,127.2100
1628297628744000,1,1.08140000,127.2300
1628297628972000,1,5.58680000,127.2300
1628297685455000,1,6.65900000,127.3900
1628297685509000,1,0.00005180,127.3900
1628297712269000,0,7.84375245,127.5700
1628297712269000,0,3.89994755,127.5700
1628297712293000,0,7.84399856,127.5900
1628297712432000,0,50.52230000,127.6400
1628297712510000,0,0.45910356,127.6400
1628297712510000,0,7.38479644,127.6500
1628297712511000,0,0.45920212,127.6500
1628297712511000,0,7.38469788,127.6500
1628297712521000,0,0.45905457,127.6500
1628297712612000,0,7.84326542,127.6400
1628297713843000,1,40.00000000,127.7300
1628297724265000,1,36.00000000,127.7200
1628297771810000,1,6.63905000,127.7900
1628297771887000,1,0.00000341,127.7900
1628297771887000,1,22.35439659,127.7800
1628297771897000,1,2.00030000,127.7800
1628297771898000,1,1.65500000,127.7800
1628297771905000,1,2.02860000,127.7800
1628297771926000,1,2.33860000,127.7800
1628297771937000,1,1.68050000,127.7800
1628297771959000,1,13.94260341,127.7800
1628297772025000,1,19.90950000,127.7300
1628297782244000,1,6.64270852,127.6800
1628297782244000,1,22.07403136,127.6600
1628297782308000,1,57.00000000,127.6200
1628297782315000,1,9.95360000,127.6000
1628297782324000,1,9.94570000,127.6000
1628297782336000,1,2.75650000,127.5800
1628297782338000,1,1.14350000,127.5800
1628297782478000,1,7.83490293,127.5300
1628297798162000,0,7.85550000,127.4000
1628297798200000,0,0.00008296,127.4000
1628297798315000,0,19.63800000,127.4100
1628297798381000,0,0.00004559,127.4100
1628297823161000,1,34.87650000,127.6200
1628297823216000,1,5.12350000,127.6200
1628297835114000,0,7.83420000,127.7400
1628297835169000,0,0.00008912,127.7400
1628297845179000,1,35.00000000,127.7200
1628297877820000,0,7.82656000,127.8200
1628297877866000,0,0.00196401,127.8200
1628297900042000,1,42.00000000,127.8000
1628297905403000,1,0.40176700,127.7300
1628298003496000,1,1.79430000,127.8300
1628298003962000,1,3.92080000,127.8300
1628298010923000,1,50.28490000,127.8300
1628298095219000,1,26.37704000,127.7200
1628298095270000,1,17.62296000,127.7200
1628298173345000,0,0.22801169,127.7400
1628298282801000,1,6.65535000,127.4600
1628298282941000,1,0.00000919,127.4600
1628298282941000,1,1.21009081,127.4400
1628298282984000,1,1.27050000,127.4400
1628298670294000,1,0.95398835,127.4200
1628298826452000,0,7.85240000,127.4500
1628298826464000,0,0.00009867,127.4500
1628298908658000,1,6.65580000,127.4800
1628298957310000,1,6.65500000,127.4900
1628298957435000,1,0.00000098,127.4900
1628298957435000,1,0.00007295,127.4800
1628298957605000,1,46.00000000,127.4700
1628298959906000,0,7.84572173,127.5300
1628299057702000,0,0.22840506,127.5900
1628299125896000,0,3.09377045,127.5200
1628299255191000,1,4.00000000,127.4000
1628299273893000,1,0.73288664,127.4000
1628299306357000,1,1.92650000,127.4000
1628299510887000,1,5.05950000,127.4400
1628299510918000,1,1.20790000,127.4400
1628299524505000,1,0.00002981,127.4000
1628299530985000,1,2.05679500,127.3000
1628299589963000,1,6.65745000,127.4300
1628299589984000,1,0.00000317,127.4300
1628299885572000,0,0.25237974,127.2900
1628299941304000,1,1.67180000,127.4000
1628299941463000,1,4.98694000,127.4000
1628299971121000,1,0.00000108,127.4000
1628299971121000,1,1.89929892,127.4000
1628299971163000,1,2.39580000,127.4000
1628299971201000,1,1.00420000,127.4000
1628299971217000,1,1.36086759,127.4000
1628300290056000,1,6.65390000,127.5500
1628300602943000,0,0.15943878,127.9500
1628300624894000,1,6.63226000,127.9300
1628300638619000,1,1.29800000,127.9300
1628300638639000,1,5.33431573,127.9300
1628300642122000,1,6.63666000,127.8600
1628300720676000,1,6.63724000,127.8500
1628300726426000,1,6.63994000,127.8100
1628300729257000,1,0.00000727,127.8100
1628300729257000,1,4.43109273,127.7600
1628300756008000,1,6.63900000,127.8100
1628300781421000,1,6.64226000,127.7700
1628300781458000,1,0.00000011,127.7700
1628300824264000,1,6.64019000,127.8100
1628300918889000,1,6.63835000,127.8500
1628301102670000,1,0.00000078,127.8500
1628301102670000,1,1.55645890,127.8200
1628301133729000,0,0.23412622,127.9500
1628301244441000,1,6.64258657,127.8000
1628301244441000,1,6.34341343,127.8000
1628301315281000,1,0.17000000,127.9000
1628301442510000,1,6.62920000,128.0500
1628301480574000,1,0.00000859,128.0500
1628301480574000,1,5.70189141,128.0200
1628301679217000,1,0.15884000,127.9500
1628301780184000,0,1.91355727,128.0700
1628301855126000,0,19.64709000,128.1500
