timestamp ms,type,amount,price
1628294512288000,1,0.00002232,125.3000
1628294665319000,1,0.23962139,125.3300
1628294699290000,1,6.76670000,125.3700
1628294699802000,1,0.00006886,125.3700
1628294701282000,1,33.00000000,125.2600
1628294701282000,1,6.77110000,125.2600
1628294857291000,1,0.60000000,124.9200
1628294937936000,1,4.39425246,125.0300
1628294949453000,1,2.00000000,125.0300
1628295052457000,1,2.35529199,125.6000
1628295065239000,1,4.39885000,125.6000
1628295111397000,1,3.69053896,125.7700
1628295159551000,1,6.73970000,125.8500
1628295211307000,1,0.47905946,125.7400
1628295211456000,1,1.23000000,125.7400
1628295335319000,1,6.77550000,125.2000
1628295438307000,1,0.00003068,125.2000
1628295438307000,1,1.49760175,125.1800
1628295711334000,1,6.74467000,125.7700
1628295711368000,1,0.00000423,125.7700
1628295733653000,1,6.74722000,125.7300
1628295743694000,1,0.00000223,125.7300
1628295743694000,1,6.74721777,125.7300
1628295743729000,1,0.00000446,125.7300
1628295778771000,1,0.32199400,125.6200
1628295794198000,1,0.68000000,125.5700
1628296021025000,1,3.68812814,125.9400
1628296087369000,1,6.73871000,125.8900
1628296092056000,0,3.66050700,125.9300
1628296214011000,1,2.29407752,126.0800
1628296217792000,1,1.44899336,126.1000
1628296229994000,1,3.66693299,126.2300
1628296290597000,1,0.67057827,126.2000
1628296317399000,1,0.16413663,126.1600
1628296317481000,1,0.49372495,126.1600
1628296318144000,1,5.87410000,126.1600
1628296318174000,1,0.19081314,126.1600
1628296318174000,1,2.98358686,126.1500
1628296318192000,1,1.77120000,126.1500
1628296318209000,1,1.06170000,126.1500
1628296318230000,1,1.04970000,126.1500
1628296318236000,1,1.07260000,126.1500
1628296318259000,1,1.06860000,126.1500
1628296318292000,1,1.03890000,126.1500
1628296318348000,1,1.10410000,126.1500
1628296319315000,1,35.00000000,126.0900
1628296381333000,1,0.79638064,126.3700
1628296433014000,1,3.68087829,126.4200
1628296449921000,1,6.71046000,126.4000
1628296499441000,1,0.48294756,126.3800
1628296597418000,0,7.90000000,126.5500
1628296631074000,1,0.56094149,126.5000
1628296650411000,1,3.67847375,126.6200
1628296682418000,1,3.67607088,126.7400
1628296748374000,1,6.69351000,126.7100
1628296762558000,0,2.29040000,126.8000
1628296762601000,0,2.53920000,126.8000
1628296762624000,0,1.68480000,126.8000
1628296762641000,0,1.37620000,126.8000
1628296762664000,0,0.00006692,126.8000
1628296762692000,0,1.55180000,126.8200
1628296762750000,0,1.25110000,126.8200
1628296825996000,1,1.44780000,126.7300
1628296826126000,1,1.20320000,126.7300
1628296826152000,1,4.04177637,126.7300
1628296838804000,1,0.00000462,126.7100
1628296838804000,1,5.42204341,126.6500
1628296843169000,1,6.69956970,126.6000
1628296843169000,1,18.00000000,126.6000
1628296843169000,1,1.00000000,126.5900
1628296843169000,1,4.02000200,126.5800
1628296881409000,1,2.25070000,126.6400
1628296881437000,1,4.44801893,126.6400
1628296928340000,1,6.68910000,126.8100
1628296933499000,1,0.00000015,126.8100
1628296933499000,1,3.90699985,126.8100
1628296974173000,1,6.69310000,126.7400
1628297075400000,1,3.27420894,126.9000
1628297137739000,1,3.41120000,126.9000
1628297137769000,1,3.25220000,126.8800
1628297137780000,1,1.43850000,126.8800
1628297137795000,1,1.14940000,126.8800
1628297138662000,1,5.57220119,126.8600
1628297559739000,1,36.00000000,127.2100
1628297559803000,1,16.00000000,127.2100
1628297628744000,1,1.08140000,127.2300
1628297628972000,1,5.58680000,127.2300
1628297685455000,1,6.65900000,127.3900
1628297685509000,1,0.00005180,127.3900
1628297712269000,0,7.84375245,127.5700
1628297712269000,0,3.89994755,127.5700
1628297712293000,0,7.84399856,127.5900
1628297712432000,0,50.52230000,127.6400
1628297712510000,0,0.45910356,127.6400
1628297712510000,0,7.38479644,127.6500
1628297712511000,0,0.45920212,127.6500
1628297712511000,0,7.38469788,127.6500
1628297712521000,0,0.45905457,127.6500
1628297712612000,0,7.84326542,127.6400
1628297713843000,1,40.00000000,127.7300
1628297724265000,1,36.00000000,127.7200
1628297771810000,1,6.63905000,127.7900
1628297771887000,1,0.00000341,127.7900
1628297771887000,1,22.35439659,127.7800
1628297771897000,1,2.00030000,127.7800
1628297771898000,1,1.65500000,127.7800
1628297771905000,1,2.02860000,127.7800
1628297771926000,1,2.33860000,127.7800
1628297771937000,1,1.68050000,127.7800
1628297771959000,1,13.94260341,127.7800
1628297772025000,1,19.90950000,127.7300
1628297782244000,1,6.64270852,127.6800
1628297782244000,1,22.07403136,127.6600
1628297782308000,1,57.00000000,127.6200
1628297782315000,1,9.95360000,127.6000
1628297782324000,1,9.94570000,127.6000
1628297782336000,1,2.75650000,127.5800
1628297782338000,1,1.14350000,127.5800
1628297782478000,1,7.83490293,127.5300
1628297798162000,0,7.85550000,127.4000
1628297798200000,0,0.00008296,127.4000
1628297798315000,0,19.63800000,127.4100
1628297798381000,0,0.00004559,127.4100
1628297823161000,1,34.87650000,127.6200
1628297823216000,1,5.12350000,127.6200
1628297835114000,0,7.83420000,127.7400
1628297835169000,0,0.00008912,127.7400
1628297845179000,1,35.00000000,127.7200
1628297877820000,0,7.82656000,127.8200
1628297877866000,0,0.00196401,127.8200
1628297900042000,1,42.00000000,127.8000
1628297905403000,1,0.40176700,127.7300
1628298003496000,1,1.79430000,127.8300
1628298003962000,1,3.92080000,127.8300
1628298010923000,1,50.28490000,127.8300
1628298095219000,1,26.37704000,127.7200
1628298095270000,1,17.62296000,127.7200
1628298173345000,0,0.22801169,127.7400
1628298282801000,1,6.65535000,127.4600
1628298282941000,1,0.00000919,127.4600
1628298282941000,1,1.21009081,127.4400
1628298282984000,1,1.27050000,127.4400
1628298670294000,1,0.95398835,127.4200
1628298826452000,0,7.85240000,127.4500
1628298826464000,0,0.00009867,127.4500
1628298908658000,1,6.65580000,127.4800
1628298957310000,1,6.65500000,127.4900
1628298957435000,1,0.00000098,127.4900
1628298957435000,1,0.00007295,127.4800
1628298957605000,1,46.00000000,127.4700
1628298959906000,0,7.84572173,127.5300
1628299057702000,0,0.22840506,127.5900
1628299125896000,0,3.09377045,127.5200
1628299255191000,1,4.00000000,127.4000
1628299273893000,1,0.73288664,127.4000
1628299306357000,1,1.92650000,127.4000
1628299510887000,1,5.05950000,127.4400
1628299510918000,1,1.20790000,127.4400
1628299524505000,1,0.00002981,127.4000
1628299530985000,1,2.05679500,127.3000
1628299589963000,1,6.65745000,127.4300
1628299589984000,1,0.00000317,127.4300
1628299885572000,0,0.25237974,127.2900
1628299941304000,1,1.67180000,127.4000
1628299941463000,1,4.98694000,127.4000
1628299971121000,1,0.00000108,127.4000
1628299971121000,1,1.89929892,127.4000
1628299971163000,1,2.39580000,127.4000
1628299971201000,1,1.00420000,127.4000
1628299971217000,1,1.36086759,127.4000
1628300290056000,1,6.65390000,127.5500
1628300602943000,0,0.15943878,127.9500
1628300624894000,1,6.63226000,127.9300
1628300638619000,1,1.29800000,127.9300
1628300638639000,1,5.33431573,127.9300
1628300642122000,1,6.63666000,127.8600
1628300720676000,1,6.63724000,127.8500
1628300726426000,1,6.63994000,127.8100
1628300729257000,1,0.00000727,127.8100
1628300729257000,1,4.43109273,127.7600
1628300756008000,1,6.63900000,127.8100
1628300781421000,1,6.64226000,127.7700
1628300781458000,1,0.00000011,127.7700
1628300824264000,1,6.64019000,127.8100
1628300918889000,1,6.63835000,127.8500
1628301102670000,1,0.00000078,127.8500
1628301102670000,1,1.55645890,127.8200
1628301133729000,0,0.23412622,127.9500
1628301244441000,1,6.64258657,127.8000
1628301244441000,1,6.34341343,127.8000
1628301315281000,1,0.17000000,127.9000
1628301442510000,1,6.62920000,128.0500
1628301480574000,1,0.00000859,128.0500
1628301480574000,1,5.70189141,128.0200
1628301679217000,1,0.15884000,127.9500
1628301780184000,0,1.91355727,128.0700
1628301855126000,0,19.64709000,128.1500
1628301865329000,1,6.62577000,128.1000
1628301865351000,1,0.00000408,128.1000
1628301973138000,1,6.49355957,128.1000
1628301982704000,0,0.50000000,128.1500
1628301992201000,0,0.33040700,128.1500
1628302106569000,0,7.79890000,128.2900
1628302106576000,0,0.00008679,128.2900
1628302120320000,0,0.19966281,128.3600
1628302121339000,1,1.87161000,128.3600
1628302121536000,1,0.23628000,128.3600
1628302129752000,0,0.20000000,128.5000
1628302132321000,1,0.29839027,128.5000
1628302133452000,1,6.60161000,128.5300
1628302148971000,0,10.00000000,128.6000
1628302198261000,1,6.58250000,128.8800
1628302198916000,0,9.82689623,128.9400
1628302203873000,1,0.16294227,128.8600
1628302227204000,1,6.58418000,128.8800
1628302227341000,1,0.00000889,128.8800
1628302228214000,1,6.58780000,128.8000
1628302228442000,1,36.60602000,128.7600
1628302228502000,1,10.39398000,128.7600
1628302230304000,1,3.06000000,128.6600
1628302230307000,1,189.90370000,128.6600
1628302250886000,1,0.50354400,128.5900
1628302263196000,0,1.00000000,128.6500
1628302263346000,1,4.85087757,128.5400
1628302381731000,1,0.91290000,128.6400
1628302404356000,0,1.66811732,128.8400
1628302457461000,0,0.94000000,129.0000
1628302457461000,0,0.49000000,129.0000
1628302457461000,0,5.14794470,129.0000
1628302458177000,0,72.00000000,128.9900
1628302458232000,0,21.81500000,128.9900
1628302458242000,0,0.00001905,128.9900
1628302464767000,0,6.57772025,129.0000
1628302464818000,0,138.27433505,129.0000
1628302476296000,0,0.38830111,129.1200
1628302478574000,1,6.56923847,129.1300
1628302559934000,1,0.27324000,129.0100
1628302864200000,0,2.94159999,129.3900
1628302864216000,0,0.00000001,129.3900
1628302894797000,1,0.49134000,129.4900
1628302894803000,1,0.28169000,129.4900
1628302895127000,1,1.60206000,129.4400
1628302968805000,1,6.54883000,129.5500
1628302991351000,0,7.19800000,129.6400
1628303056540000,1,0.37218400,129.7700
1628303088621000,1,2.26603608,129.8000
1628303088704000,1,0.56000000,129.8000
1628303104002000,1,4.54141304,129.6900
1628303254776000,1,6.53662000,129.8200
1628303342999000,0,0.20585907,129.9500
1628303342999000,0,18.00000000,129.9500
1628303342999000,0,5.00000000,129.9800
1628303342999000,0,4.00000000,129.9900
1628303342999000,0,6.53610208,129.9900
1628303342999000,0,18.65200000,129.9900
1628303342999000,0,1.00000000,130.0000
1628303342999000,0,1.50000000,130.0000
1628303342999000,0,4.50000000,130.0000
1628303342999000,0,3.84590172,130.0000
1628303431351000,0,1.15409828,130.0000
1628303431351000,0,5.00000000,130.0000
1628303431351000,0,5.90000000,130.0000
1628303431351000,0,5.00000000,130.0000
1628303431351000,0,0.70000000,130.0000
1628303431351000,0,0.19990172,130.0000
1628303431374000,0,0.00009828,130.0000
1628303437424000,1,6.52700000,129.9900
1628303464874000,1,3.46560000,129.9000
1628303464876000,1,3.06740000,129.9000
1628303464906000,1,0.00001991,129.9000
1628303507338000,0,2.45991442,129.9400
1628303508378000,0,2.45991442,129.9400
1628303509435000,0,2.45991441,129.9100
1628303510469000,0,2.45991442,129.9100
1628303511460000,0,2.22849070,129.9100
1628303528294000,1,6.54083000,129.7500
1628303639236000,0,18.65200000,129.7000
1628303744181000,0,5.49336000,129.7200
1628303744339000,0,18.65200000,129.7600
1628303747198000,0,9.69821914,129.9000
1628303756175000,1,6.53620000,129.8300
1628303756308000,1,7.69846000,129.8100
1628303918311000,0,9.73880000,130.1000
1628303920107000,0,9.82210000,130.1000
1628303936484000,1,2.21570000,130.1300
1628303936500000,1,1.22670000,130.1300
1628303936524000,1,1.27690000,130.1300
1628303936554000,1,1.42410000,130.1300
1628303936563000,1,0.37695570,130.1300
1628303942775000,0,0.50000000,130.1700
1628303981134000,1,6.52326000,130.1200
1628303998482000,1,0.00000373,130.1200
1628303998537000,1,6.52881147,130.0000
1628304277446000,1,1.89060078,130.0100
1628304447990000,0,3.00000000,130.0800
1628304447990000,0,12.01539133,130.0900
1628304480462000,0,42.00000000,130.1500
1628304510397000,0,2.00000000,130.1400
1628304606761000,1,6.53407000,129.9500
1628304632557000,0,32.00000000,130.0200
1628305087125000,0,6.14000000,130.3000
1628305141656000,1,1.33720000,130.2500
1628305141656000,1,6.51705043,130.2400
1628305141656000,1,12.12474957,130.2200
1628305173765000,1,0.51960170,130.3400
1628305256385000,0,6.24341062,130.2900
1628305297015000,0,1.31606285,130.2400
1628305301392000,1,6.52399000,130.0900
1628305301399000,1,0.00000187,130.0900
1628305301427000,1,8.93129967,130.0800
1628305301441000,1,2.02130000,130.0800
1628305301448000,1,1.56990000,130.0800
1628305301452000,1,3.05220000,130.0800
1628305301565000,0,0.50171730,130.0300
1628305301610000,1,6.15960000,130.0200
1628305301617000,1,1.52510000,130.0200
1628305301632000,1,0.00004118,130.0200
1628305301823000,1,19.21350000,129.9900
1628305302202000,0,18.00000000,129.9800
1628305302202000,0,21.72000000,129.9900
1628305313850000,1,0.00000042,129.9500
1628305318778000,0,39.00000000,129.9400
1628305345615000,1,6.53785000,129.8200
1628305440383000,0,2.05481937,130.0100
1628305558533000,1,0.34060570,129.8500
1628305659009000,0,17.79593000,129.8800
1628305669611000,0,1.49677566,130.0200
1628305700139000,0,0.24097677,130.1100
1628305710839000,1,6.52940000,129.9900
1628305802608000,1,6.53425232,129.8900
1628305802831000,1,19.57660000,129.8500
1628305888989000,1,7.70297335,129.7400
1628305910616000,0,29.05000000,129.7600
1628305921555000,1,0.31214300,129.7300
1628306151915000,0,1.29491317,129.6100
1628306161217000,1,0.38788000,129.5500
1628306161366000,1,0.00000110,129.5500
1628306423785000,0,18.80500000,129.4900
1628306460850000,1,6.56693000,129.2500
1628306525234000,1,0.19758076,129.2300
1628306571444000,1,1.11481481,129.2500
1628306704913000,0,0.38560272,129.3300
1628306762138000,0,0.47592587,129.3200
1628306922824000,0,3.84593382,129.3600
1628306979333000,0,51.85010000,129.3400
1628306979393000,0,0.14990000,129.3400
1628306979409000,0,4.47990000,129.3800
1628306979427000,0,3.25405205,129.3800
1628306979427000,0,6.56714684,129.3900
1628306979571000,0,2.60600000,129.4100
1628306979584000,0,30.23347277,129.4100
1628306979584000,0,19.33280610,129.4100
1628306982613000,0,19.65220000,129.5400
1628306982613000,0,18.23100000,129.5600
1628306982618000,0,26.12270000,129.5700
1628306982661000,0,1.25390000,129.5700
1628307001188000,1,6.55495000,129.5000
1628307006231000,0,7.72296000,129.5800
1628307045968000,1,6.54610000,129.6600
1628307046265000,1,0.00009181,129.6600
1628307046265000,1,32.73080819,129.6500
1628307046425000,1,0.00015085,129.6500
1628307139855000,1,1.55763000,129.5800
1628307169554000,1,6.54870000,129.6200
1628307170359000,1,0.00000036,129.5000
1628307170359000,1,7.71849964,129.4500
1628307229081000,1,6.54480000,129.6700
1628307234915000,0,10.00000000,129.7100
1628307244973000,0,0.27963987,129.6500
1628307475012000,1,0.15947380,129.7000
1628307564033000,1,6.54170000,129.7300
1628307567273000,1,0.00003380,129.7300
1628307567273000,1,6.54173380,129.7300
1628307638056000,1,6.54110000,129.7600
1628307697918000,0,1.14666061,129.8400
1628307717292000,1,0.00006654,129.7600
1628307717292000,1,6.54113346,129.7600
1628307725423000,1,0.00003308,129.7600
1628307725423000,1,6.54116654,129.7600
1628307725494000,1,32.70550000,129.7300
1628307911331000,0,0.20039142,129.7500
1628307912345000,0,0.20039142,129.7500
1628307913381000,0,0.20039142,129.7500
1628307914394000,0,0.20039142,129.7800
1628307915426000,0,0.20039142,129.7800
1628307916434000,0,0.20039143,129.7800
1628307917444000,0,0.20039142,129.7800
1628307918466000,0,0.20039143,129.7800
1628307919498000,0,0.20039142,129.7800
1628307920522000,0,0.20039143,129.7700
1628308011268000,0,41.00000000,129.8800
1628308013509000,0,46.00000000,129.9500
1628308051645000,1,0.49415868,130.1700
1628308051645000,1,1.57611826,130.1400
1628308086841000,0,40.51000000,130.6100
1628308100363000,0,20.15000000,130.6100
1628308101361000,0,1.03000000,130.6100
1628308101479000,0,1.10000000,130.6100
1628308102604000,0,2.91000000,130.6100
1628308102655000,0,2.91000000,130.6100
1628308114975000,1,57.00000000,130.3900
1628308125744000,1,57.00000000,130.2100
1628308138012000,1,19.21030000,130.0300
1628308140189000,1,0.00004812,130.0300
1628308140189000,1,49.95335188,129.9800
1628308140306000,1,0.00010750,129.9800
1628308140306000,1,7.67399250,129.9700
1628308159359000,0,130.54000000,130.2800
1628308163678000,0,19.19000000,130.3700
1628308384524000,1,6.51570000,130.1400
1628308384559000,1,0.00000019,130.1400
1628308384559000,1,4.99999981,130.1300
1628308384603000,1,36.67030000,130.1200
1628308870096000,1,6.51370000,130.2100
1628309059260000,1,5.18720000,130.3400
1628309059311000,1,1.68460000,130.3400
1628309059456000,1,2.24720000,130.3400
1628309059487000,1,1.06480000,130.3400
1628309059515000,1,1.19220000,130.3400
1628309059606000,1,1.07560000,130.3400
1628309059620000,1,2.01390000,130.3400
1628309120197000,0,0.39627470,130.2800
1628309155734000,0,3.75023238,130.3700
1628309266915000,0,15.88000000,130.6100
1628309266925000,0,31.77000000,130.6100
1628309266954000,0,5.20000000,130.6100
1628309267333000,0,178.54000000,130.6100
1628309301366000,1,0.24600000,130.5300
1628309395979000,1,6.12160000,130.5800
1628309412525000,1,1.92750000,130.5600
1628309448588000,0,0.22288195,130.8700
1628309582538000,1,0.76594000,130.6900
1628309582900000,1,0.84253000,130.6900
1628309583206000,1,0.76594000,130.6900
1628309583532000,1,0.84253000,130.6900
1628309583695000,1,0.76594000,130.6800
1628309584200000,1,0.45956000,130.6900
1628309586350000,1,0.22971000,130.7100
1628309652333000,1,1.05090000,130.8600
1628309655755000,1,2.95300000,130.7900
1628309655865000,1,1.13950000,130.7900
1628309655918000,1,1.15050000,130.7900
1628309655945000,1,1.90700000,130.7900
1628309657058000,1,29.85000000,130.7900
1628309726039000,1,0.20000000,130.6200
1628309865540000,1,0.59358429,130.4700
1628310508980000,0,4.38279178,130.4100
1628310719876000,1,0.25000000,129.8700
1628310891843000,0,0.18627240,130.2000
1628311212055000,1,2.72597447,129.8900
1628311238839000,0,1.09156476,130.0000
1628311269314000,0,0.38183789,129.9100
1628311287983000,0,0.99144452,129.9600
1628311342018000,1,7.70332000,129.7300
1628311373805000,0,1.96000000,129.8000
1628311543628000,1,0.76262691,129.7900
1628311564293000,0,7.70048205,129.9300
1628311614547000,1,18.00000000,129.5500
1628311614547000,1,10.00000000,129.5400
1628311614547000,1,5.00000000,129.5400
1628311614547000,1,1.68009432,129.5300
1628311621221000,1,0.39444752,129.5200
1628311621423000,1,0.39169022,129.5200
1628311625105000,0,3.82632778,129.6600
1628311700387000,1,7.82182017,129.6100
1628311748728000,0,0.38434929,129.6900
1628311831853000,0,3.50502194,129.7600
1628311833494000,0,7.71180000,129.7500
1628311833511000,0,0.00008401,129.7500
1628311833511000,0,19.27735835,129.7800
1628311833511000,0,5.00000000,129.7800
1628311833717000,0,1.20140000,129.7800
1628311833724000,0,2.54160000,129.7800
1628311833730000,0,1.30710000,129.7800
1628312004957000,0,0.23670000,129.7600
1628312060071000,0,35.00000000,129.6500
1628312157321000,1,0.42573842,129.4800
1628312162008000,0,0.76603336,129.5800
1628312164223000,0,42.00000000,129.5800
1628312164294000,0,9.23396000,129.5800
1628312234936000,1,6.55165379,129.4700
1628312234936000,1,56.68820908,129.4700
1628312413055000,0,22.24570000,129.3500
1628312413085000,0,2.07030000,129.3500
1628312413085000,0,1.39710000,129.3500
1628312413091000,0,26.28690000,129.3500
1628312517252000,0,0.40000000,129.5500
1628312617960000,0,1.92010806,129.5500
1628312809335000,0,3.83156140,129.6100
1628312944362000,0,2.00000000,129.5900
1628313037818000,0,15.22239673,129.6100
1628313328213000,0,55.00000000,129.5800
1628313882082000,0,7.62088562,129.4200
1628313909276000,0,0.19198084,129.4400
1628313941832000,0,22.91379642,129.5100
1628314133606000,1,6.55272000,129.4800
1628314135720000,0,36.00000000,129.3900
1628314156764000,0,3.83312515,129.4600
1628314164780000,0,1.05051075,129.5200
1628314220491000,0,0.98779231,129.3700
1628314298576000,1,3.44826736,129.0900
1628314370328000,0,2.92033413,129.2900
1628314408026000,1,0.15797179,129.1100
1628314412787000,0,18.00000000,129.2500
1628314412787000,0,5.13922097,129.2600
1628314460572000,0,52.00000000,129.2600
1628314536967000,0,0.30691076,129.3700
1628314597834000,0,0.41747964,129.4300
1628314602299000,0,0.35000000,129.4200
1628314606762000,1,1.00000000,129.3000
1628314610346000,0,1.53372390,129.4200
1628314628898000,1,6.68301929,129.3500
1628314641691000,0,14.88973824,129.5100
1628314642214000,0,3.83282911,129.5300
1628314648002000,1,10.00000000,129.3900
1628314760332000,0,4.78430220,129.5100
1628314766289000,0,0.38313496,129.5100
1628314774013000,0,30.00000000,129.5100
1628314774066000,0,13.61686000,129.5100
1628314774087000,0,0.00000504,129.5100
1628314774256000,0,7.72410000,129.5500
1628314774258000,0,0.00005498,129.5500
1628314774446000,0,7.72271999,129.5600
1628314774446000,0,11.58678001,129.5900
1628314800345000,0,0.21462607,129.8200
1628314980420000,1,6.54030000,129.7600
1628315026785000,0,3.84054074,129.8200
1628315073360000,0,1.58357093,129.7500
1628315106896000,1,1.80800000,129.6400
1628315129194000,0,18.00000000,129.8000
1628315129194000,0,4.78382346,129.8100
1628315143967000,0,4.00000000,129.7700
1628315175110000,0,0.76461708,129.7000
1628315176069000,0,0.76461708,129.7000
1628315177086000,0,0.76461708,129.7300
1628315178129000,0,0.76461708,129.7300
1628315179123000,0,0.76461708,129.7300
1628315180170000,0,0.76461707,129.7300
1628315181191000,0,0.76461708,129.7300
1628315182176000,0,0.76461707,129.7300
1628315183201000,0,0.76461708,129.7300
1628315184250000,0,0.76461707,129.7300
1628315258947000,0,29.14490519,129.7400
1628315277929000,0,3.13662732,129.7400
1628315384286000,0,18.00000000,129.7200
1628315384286000,0,4.95226700,129.7300
1628315400347000,0,8.32807578,129.6900
1628315418133000,0,0.38257378,129.7100
1628315485893000,1,0.66615000,129.5700
1628315496631000,1,0.26423682,129.5700
1628315538843000,0,18.00000000,129.7300
1628315538936000,0,18.00000000,129.7400
1628315542117000,1,0.57821000,129.7100
1628315543271000,1,0.00000293,129.7100
1628315588813000,0,0.38254429,129.7300
1628315613377000,0,0.19218316,129.7200
1628315616139000,0,0.76514756,129.7300
1628315632515000,0,1.18773606,129.7300
1628315739832000,0,18.00000000,129.7900
1628315739832000,0,0.51767572,129.7900
1628315772422000,1,18.00000000,129.6000
1628315772422000,1,19.62860000,129.5900
1628315772422000,1,0.02941277,129.5900
1628315790144000,0,20.00000000,129.7800
1628315791960000,1,18.00000000,129.6400
1628315791960000,1,3.50697743,129.6300
1628315836885000,0,18.00000000,129.6900
1628315836885000,0,14.73317203,129.7000
1628315837932000,0,8.15967420,129.6900
1628315876883000,0,0.47000000,129.6700
1628316048648000,0,1.32256123,129.4100
1628316073002000,0,3.47043269,129.4600
1628316088180000,0,0.46639749,129.4400
1628316088180000,0,7.20044499,129.4400
1628316120380000,0,1.51997329,129.4000
1628316168889000,0,0.37790523,129.4100
1628316169881000,0,3.14679438,129.4100
1628316259714000,0,58.00000000,129.3400
1628316321381000,0,1.47777212,129.4800
1628316336282000,0,2.33417441,129.4200
1628316391878000,0,0.46639749,129.4400
1628316391878000,0,0.22401980,129.4500
1628316442174000,1,0.29155974,129.2500
1628316471953000,0,0.76751424,129.2800
1628316547772000,1,2.00000000,129.1700
1628316557847000,0,1.39900901,129.2800
1628316587625000,0,3.32978875,129.2900
1628316600528000,0,30.67021125,129.2900
1628316600528000,0,1.56789681,129.3100
1628316664039000,1,0.99556518,129.2800
1628316699012000,0,58.00000000,129.3900
1628316715080000,1,1.27100000,129.3400
1628316804070000,1,2.79900000,129.3900
1628316830718000,0,1.53289486,129.5100
1628316845705000,1,0.25335591,129.4100
1628316853838000,1,4.00000000,129.4100
1628316926603000,1,0.37566199,129.4400
1628316965771000,1,4.35473000,129.4400
1628316967546000,1,0.00000801,129.4400
1628316981246000,0,35.28390000,129.4100
1628317077594000,1,1.09759527,129.4300
1628317123710000,1,3.98840400,129.3900
1628317176987000,0,0.37491265,129.4900
1628317220847000,0,43.00000000,129.5100
1628317221031000,0,7.72450000,129.5500
1628317221094000,0,0.00001297,129.5500
1628317221094000,0,20.23498703,129.5600
1628317221120000,0,4.90770000,129.5800
1628317221130000,0,1.47000000,129.5800
1628317221141000,0,3.30530000,129.5800
1628317238933000,1,6.55361000,129.6000
1628317239074000,1,0.00000351,129.6000
1628317244603000,0,1.25048000,129.6800
1628317258026000,1,6.55000000,129.6100
1628317290447000,1,6.55646000,129.5800
1628317293327000,1,0.00000799,129.5800
1628317293327000,1,6.55940201,129.5100
1628317293379000,1,0.00001263,129.5100
1628317293452000,1,32.78944000,129.5000
1628317293528000,1,0.00000176,129.5000
1628317317148000,1,6.56236000,129.4200
1628317317229000,1,0.00000589,129.4200
1628317340485000,1,6.56379000,129.4200
1628317340540000,1,32.81916979,129.3700
1628317358779000,1,0.17574693,129.2600
1628317439680000,1,0.24521443,129.2600
1628317497442000,1,6.32593615,129.2600
1628317497525000,1,14.00000000,129.2200
1628317497543000,0,6.57115058,129.2600
1628317497729000,1,7.73410000,129.1700
1628317497827000,1,0.00009131,129.1700
1628317497827000,1,19.33813589,129.1500
1628317497827000,1,19.68217280,129.1500
1628317497871000,1,0.00012720,129.1500
1628317497871000,1,50.28356079,129.1300
1628317497876000,1,33.00000000,129.1100
1628317497956000,1,5.00000000,129.1300
1628317498327000,1,19.33813589,129.0100
1628317498327000,1,7.73406411,129.0100
1628317498333000,1,0.00012720,129.0100
1628317498333000,1,5.06737280,129.0000
1628317498344000,1,3.78030000,129.0000
1628317498359000,1,4.13920000,129.0000
1628317498370000,1,7.01300000,129.0000
1628317498453000,1,0.00012720,129.0000
1628317499226000,0,5.00000000,128.9900
1628317499714000,0,53.00000000,129.0000
1628317505878000,0,17.67700000,129.0500
1628317505893000,0,10.49260000,129.0600
1628317505910000,0,1.31030000,129.0600
1628317505916000,0,2.82460000,129.0600
1628317505922000,0,1.78610000,129.0600
1628317505947000,0,1.46650000,129.0600
1628317505948000,0,5.14990000,129.0600
1628317505951000,0,1.62760000,129.0600
1628317505960000,0,25.34240000,129.0600
1628317506569000,0,23.00000000,129.1100
1628317506822000,0,17.67700000,129.0800
1628317542438000,1,6.58000000,129.0500
1628317542543000,1,0.00331221,129.0500
1628317552338000,1,6.58331221,129.0500
1628317552557000,1,6.58000000,129.0500
1628317578663000,0,7.43000000,129.1200
1628317578671000,0,27.57000000,129.1200
1628317702951000,1,6.58000000,129.1100
1628317703019000,1,0.00050044,129.1100
1628317716442000,1,0.00331221,129.0500
1628317722009000,1,14.01991451,128.8500
1628317755718000,0,2.27030000,129.0000
1628317755727000,0,31.00000000,129.0000
1628317755790000,0,22.00000000,129.0000
1628317755792000,0,1.72970000,129.0000
1628317815579000,1,6.58500000,129.0200
1628317815595000,1,0.00000487,129.0200
1628317815904000,1,8.00000000,129.0000
1628317823002000,1,0.15827695,128.9700
1628317826922000,1,1.04364645,128.9700
1628317916696000,0,0.37887144,129.0700
1628318012319000,1,6.58790000,128.9300
1628318015509000,1,6.59190000,128.8300
1628318023143000,1,72.00000000,128.5400
1628318023426000,1,79.40000000,128.5400
1628318053127000,1,6.60305000,128.6300
1628318066695000,1,0.00000556,128.5300
1628318092022000,1,6.60971000,128.5100
1628318109077000,0,49.00000000,128.5400
1628318256722000,1,6.61000000,128.4300
1628318275588000,1,0.33052388,128.3300
1628318282028000,0,0.18159881,128.4700
1628318342247000,0,1.14732779,128.5300
1628318416334000,1,12.05765926,128.3000
1628318555581000,1,15.76081201,128.6400
1628318818128000,0,0.19116358,128.6300
1628318896073000,0,1.05529759,128.8000
1628318899777000,0,0.64660700,128.7900
1628319025613000,1,0.96289784,128.7900
1628319215111000,1,1.10000000,128.9200
1628319287427000,0,1.12953593,128.9900
1628319320136000,0,1.14654181,128.9900
1628319346090000,1,2.20365500,128.9200
1628319388713000,1,5.00000000,128.9300
1628319400232000,1,0.32329060,128.9300
1628319400829000,0,0.38672751,129.0400
1628319476056000,0,0.76089816,129.0000
1628319747708000,1,0.22713917,128.9500
1628319784515000,1,0.18958758,128.9500
1628319892217000,1,1.46839875,128.9300
1628319918831000,1,0.93468753,128.8800
1628320012004000,1,14.00000000,128.8700
1628320012153000,1,0.07429968,128.8700
1628320110209000,0,1.20530576,128.9600
1628320274459000,0,1.15841353,128.8400
1628320369663000,0,0.22606499,128.8000
1628320500962000,1,0.22212997,128.5600
1628320560318000,1,0.97893800,128.8200
1628320619955000,0,0.37895952,129.0500
1628320700871000,1,0.21414791,129.0100
1628320710006000,1,0.19852093,129.0100
1628320824406000,1,0.78177381,128.8700
1628320952189000,0,2.55311071,129.0700
1628321027352000,1,0.19624256,128.9500
1628321317849000,1,6.15487437,128.6700
1628321319369000,1,8.24278888,128.6700
1628321355176000,0,11.61414266,128.8300
1628321387476000,1,0.39609700,128.6400
1628321573526000,0,0.97404773,129.0600
1628321574232000,0,0.19268613,129.0700
1628321601578000,0,0.38527065,129.1300
1628321644343000,1,0.20900000,128.9100
1628321685522000,0,3.71650000,129.0000
1628321702669000,0,0.00009100,129.0000
1628321702669000,0,3.71560900,129.0200
1628321727020000,1,6.58474826,128.9600
1628321727020000,1,18.00000000,128.9600
1628321727020000,1,14.78623475,128.9500
1628321735183000,0,0.00011300,129.0200
1628321735183000,0,0.77283672,129.1000
1628321735683000,0,0.77283672,129.0900
1628321760277000,0,0.37881274,129.0900
1628321806437000,1,0.50945988,128.9300
1628321856918000,0,4.27072230,129.1000
1628321863872000,0,6.50621781,129.1800
1628321985491000,0,3.81501458,129.2300
1628321989948000,1,2.95000000,129.1500
1628322017036000,1,1.50167600,129.1100
1628322027973000,1,1.33694300,129.1200
1628322042484000,0,3.86010608,129.2400
1628322059388000,1,0.39676270,129.0900
1628322091494000,0,0.92634197,129.2400
1628322284704000,0,0.44364240,129.2600
1628322294255000,0,0.77259964,129.2600
1628322320933000,0,0.38205087,129.2400
1628322331407000,0,1.30273569,129.1600
1628322436308000,1,2.50403129,128.9300
1628322469604000,1,3.83970000,129.0700
1628322469605000,1,0.00007686,129.0700
1628322491963000,1,2.38081500,129.0300
1628322493510000,0,1.00000000,129.1100
1628322512492000,0,4.00000000,129.3000
1628322592496000,0,0.39129185,129.7700
1628322610526000,1,6.55800000,129.5400
1628322623079000,0,0.97513337,129.5800
1628322651372000,1,0.00003066,129.5400
1628322651372000,1,4.76770000,129.5400
1628322792648000,1,0.78622900,129.3100
1628322847280000,1,0.16540831,129.4800
1628322895898000,1,0.39676270,129.4100
1628322968600000,0,38.00000000,129.5700
1628322968600000,0,7.50780073,129.5700
1628323017427000,1,9.41000000,129.4600
1628323017550000,1,0.00534064,129.4600
1628323054703000,1,6.56000000,129.4600
1628323054763000,1,0.00402327,129.4600
1628323143203000,1,7.40000000,129.4600
1628323168276000,1,6.56000000,129.3900
1628323168415000,1,0.00817710,129.3900
1628323190963000,1,6.56000000,129.3500
1628323191051000,1,0.00984111,129.3500
1628323191410000,1,6.56984111,129.3500
1628323191410000,1,17.93015889,129.3500
1628323191554000,1,0.06984111,129.3500
1628323198295000,1,6.56984111,129.3500
1628323208617000,1,6.56000000,129.3500
1628323242918000,0,0.36530880,129.3700
1628323275217000,1,1.61000000,129.2400
1628323304107000,1,0.40000000,129.0500
1628323352621000,1,1.99467025,128.9400
1628323377906000,1,0.24453823,128.9700
1628323381716000,0,39.00000000,129.0900
1628323385621000,1,1.04000000,129.1000
1628323416981000,1,1.85000000,129.2000
1628323594960000,1,0.65731554,128.9300
1628323680345000,1,0.41024366,128.9700
1628323846166000,1,0.56062527,129.0800
1628323978154000,1,0.32931900,129.4100
1628324098450000,0,0.36934354,129.4900
1628324109804000,1,3.30000000,129.2700
1628324109948000,1,3.30000000,129.2700
1628324110007000,1,3.06000000,129.2700
1628324110147000,1,3.06000000,129.2700
1628324110205000,1,2.86000000,129.2700
1628324110333000,1,2.86000000,129.2700
1628324140852000,1,3.01430144,129.4500
1628324149909000,1,11.22520141,129.4700
1628324153235000,1,0.73774887,129.4600
1628324390213000,1,1.38561306,129.4500
1628324400360000,1,0.28904749,129.4700
1628324629512000,1,1.17198151,129.6300
1628324709013000,1,0.64628734,129.5000
1628324805904000,0,18.00000000,129.6600
1628324805904000,0,2.00000000,129.6700
1628324880303000,1,1.02798673,129.5100
1628324912902000,1,0.33860433,129.5200
1628325020101000,0,3.07075071,129.6100
1628325157253000,1,3.42399628,129.4300
1628325360298000,1,1.45346687,129.4200
1628325477660000,1,1.00000000,129.4100
1628325532819000,1,0.55879512,129.3800
1628325624281000,0,3.80472970,129.5700
1628325654247000,1,4.81480316,129.5100
1628325671311000,1,0.28977142,129.5200
1628325686405000,0,8.18710000,129.6500
1628325719797000,0,0.00005477,129.6500
1628325750148000,0,0.18995139,129.8300
1628325845180000,0,0.38462131,129.6600
1628325886858000,0,0.22463530,129.6800
1628326158129000,0,0.22437573,129.7800
1628326161965000,0,6.55704700,129.7900
1628326161965000,0,1.04000628,129.8100
1628326200769000,1,0.80389000,129.7000
1628326267828000,0,0.49163620,129.7100
1628326336969000,0,0.84000000,129.7500
1628326337013000,0,9.16000000,129.7500
1628326367539000,1,5.75200000,129.7700
1628326701172000,1,0.83400000,129.8900
1628326711042000,0,1.89666627,130.0200
1628326772266000,0,0.57141598,130.0200
1628326887119000,1,0.97999800,129.7800
1628326907217000,0,3.14381399,129.8900
1628326914386000,1,0.38968605,129.7300
1628326920397000,1,1.00627332,129.7400
1628326928849000,0,18.00000000,129.9700
1628326928849000,0,1.00000000,129.9800
1628326928849000,0,6.54875436,129.9800
1628326928849000,0,74.45124564,129.9900
1628327003261000,0,8.18715000,130.1100
1628327018842000,0,0.00000476,130.1100
1628327018842000,0,0.76414546,130.2100
1628327043050000,1,0.18894179,130.2400
1628327085219000,0,7.60951361,130.7600
1628327101551000,0,7.61708642,130.6300
1628327228023000,0,1.19570000,130.5900
1628327259645000,0,0.00002840,130.5900
1628327259645000,0,1.87613763,130.7200
1628327292193000,1,6.50500000,130.6800
1628327314871000,0,7.20210747,130.6300
1628327419960000,1,0.26000000,130.2200
1628327538700000,1,1.00000000,130.2500
1628327562886000,1,60.00000000,130.2000
1628327628514000,1,0.16442147,130.0800
1628327640399000,1,0.21982603,130.1300
1628327665443000,1,10.20686331,130.2200
1628327704545000,0,0.26088739,130.1900
1628327715197000,0,16.93726965,130.2400
1628327731924000,1,1.55671266,130.1100
1628327746421000,0,7.67800000,130.3100
1628327746451000,0,0.00001477,130.3100
1628327751435000,1,0.50270422,130.2200
1628327862453000,0,6.51769659,130.5900
1628327873935000,1,18.00000000,130.4500
1628327873935000,1,6.51560249,130.4500
1628327873935000,1,5.00000000,130.4500
1628327873935000,1,7.65988751,130.4500
1628327873998000,1,0.00000849,130.4500
1628327873998000,1,32.56946151,130.4400
1628327890761000,1,0.00001129,130.4400
1628327891076000,0,1.97000000,130.4400
1628328075292000,0,0.40821083,130.6600
1628328156284000,1,0.38327802,130.5700
1628328174001000,1,6.12810000,130.5700
1628328174281000,1,7.65743000,130.5100
1628328183214000,1,6.51768761,130.4500
1628328183214000,1,3.75535806,130.4500
1628328204151000,1,6.51983000,130.4200
1628328275325000,1,6.51575000,130.5400
1628328275424000,1,0.00000465,130.5400
1628328314076000,1,6.51377000,130.5800
1628328318992000,1,0.00000157,130.5800
1628328318992000,1,6.51527843,130.5500
1628328320361000,1,0.00001102,130.5500
1628328320361000,1,6.51527898,130.5500
1628328331261000,1,0.00001047,130.5500
1628328355298000,1,0.45990701,130.3900
1628328360320000,1,0.83172559,130.4000
1628328401540000,1,1.82782000,130.6200
1628328439912000,0,18.00000000,130.7000
1628328439912000,0,13.25127400,130.7100
1628328466685000,1,0.00000116,130.6200
1628328466685000,1,0.15437425,130.5600
1628328473886000,0,1.74644223,130.7000
1628328612779000,0,0.96985712,131.0000
1628328612832000,0,0.00000001,131.0000
1628328613056000,0,4.57421666,131.1700
1628328698415000,1,1.00000000,131.4500
1628328747307000,0,4.50670000,131.4700
1628328747344000,0,0.00008708,131.4700
1628328766291000,1,6.46755000,131.4800
1628328770171000,1,0.42274338,131.4500
1628328789373000,1,7.60151000,131.3700
1628328794112000,0,0.75688422,131.4600
1628328857133000,1,0.89706100,131.4600
1628328901822000,0,0.19218316,131.6200
1628328901875000,1,10.80781000,131.6200
1628328903092000,0,0.43079611,131.6400
1628328906290000,1,0.00000684,131.6200
1628328906290000,1,6.46624316,131.5100
1628328916976000,1,6.46802000,131.4700
1628328949663000,1,8.00000000,131.4500
1628329078330000,1,0.38612440,131.6600
1628329133707000,1,6.45256000,131.7600
1628329133968000,1,0.00000131,131.7600
1628329133968000,1,7.58153869,131.7200
1628329142572000,1,6.45498000,131.7400
1628329147949000,1,9.43186000,131.7600
1628329152279000,1,0.00000472,131.7600
1628329152279000,1,0.00000655,131.7400
1628329152279000,1,6.45717873,131.7200
1628329178968000,1,6.45177000,131.8100
1628329186278000,0,0.42603347,131.8700
1628329186278000,0,0.26000000,131.9000
1628329186278000,0,4.31396653,131.9700
1628329186324000,0,2.13841114,131.9700
1628329186324000,0,7.58127123,131.9800
1628329186324000,0,4.50000000,131.9800
1628329186324000,0,0.20000000,132.0000
1628329186324000,0,13.79679635,132.0000
1628329186340000,0,4.50000000,131.9600
1628329186775000,0,7.57828367,132.0500
1628329186775000,0,18.94485425,132.0600
1628329421775000,0,0.29834924,131.8400
1628329445601000,0,1.02010012,131.8400
1628329637591000,1,4.84675000,131.5300
1628329678725000,1,0.16000000,131.5500
1628329800342000,1,0.51833018,131.7400
1628329811947000,0,1.13231166,131.8100
1628329854516000,0,0.18422126,131.6200
1628329871245000,0,32.97500000,131.6300
1628329888899000,0,3.68117762,131.6200
1628329916511000,0,1.22540792,131.5400
1628330421314000,0,2.27220826,131.3700
1628330613122000,0,0.37489533,131.5000
1628330757607000,0,7.59959000,131.6700
1628330757704000,0,0.00000266,131.6700
1628330828644000,0,1.11021298,131.9500
1628330939154000,1,0.65849000,132.0800
1628330941866000,1,0.00000193,132.0800
1628330941866000,1,11.08567807,132.0000
1628330970236000,1,0.00000374,132.0000
1628330970236000,1,0.45771526,131.9700
1628330980554000,0,5.00000000,132.1600
1628330991114000,1,1.32172237,132.0400
1628331092077000,0,1.12082192,132.0600
1628331194185000,0,2.23904852,132.0600
1628331279637000,1,0.21903077,131.9300
1628331325474000,0,0.26131282,132.0800
1628331348233000,1,1.02010012,131.9700
1628331394051000,1,0.16504000,132.0800
1628331428921000,1,0.86932740,132.2000
1628331429004000,1,3.00000000,132.2000
1628331551101000,1,18.19189000,132.1000
1628331551337000,1,17.80811000,132.1000
1628331617719000,0,0.22369417,132.3700
1628331690606000,0,18.00000000,131.9400
1628331690606000,0,41.97451200,131.9500
1628331741480000,0,1.35627702,132.1300
1628331813531000,1,0.27597157,131.8600
1628331831148000,1,6.44941819,131.8900
1628331831148000,1,0.02190926,131.8700
1628331914489000,1,1.36933946,131.6900
1628331985631000,1,0.27940098,131.5100
1628332036935000,1,0.34796200,131.5000
1628332043097000,1,0.23575822,131.5000
1628332067073000,1,5.65400000,131.5300
1628332127830000,1,2.02616557,131.5900
1628332348103000,0,0.22456114,131.4600
1628332356677000,0,0.23010307,131.3900
1628332381025000,0,1.00720000,131.1900
1628332385363000,0,0.00004586,131.1900
1628332393107000,1,30.00000000,131.1900
1628332393192000,1,19.99990000,131.1900
1628332552565000,1,0.76174022,131.3400
1628332560342000,1,0.20470340,131.3000
1628332580446000,0,2.80660000,131.5500
1628332596178000,0,1.10100000,131.4500
1628332596214000,0,1.33100000,131.4500
1628332628249000,1,0.15524234,131.3800
1628332734401000,1,0.77063669,131.2400
1628332744079000,0,5.01383252,131.3800
1628332746733000,1,0.00005414,131.1900
1628332772651000,0,0.57627392,131.1600
1628332884928000,0,1.85736105,131.4800
1628332895296000,1,18.00000000,131.3400
1628332895296000,1,6.47613285,131.3400
1628332895296000,1,5.00000000,131.3200
1628332895296000,1,10.00000000,131.3200
1628332895296000,1,7.61069760,131.3200
1628332895296000,1,31.07871798,131.3100
1628332905581000,1,1.53130286,131.3200
1628332956146000,1,0.24089306,131.3100
1628332966646000,1,0.32252944,131.3400
1628332985796000,1,1.00000000,131.4000
1628333027157000,1,0.49100894,131.2300
1628333130513000,1,0.27402000,131.3300
1628333219025000,0,2.21660682,131.4900
1628333243478000,1,18.00000000,131.3900
1628333243478000,1,6.47367274,131.3800
1628333243478000,1,18.00000000,131.3700
1628333243478000,1,5.00000000,131.3600
1628333243478000,1,32.36671909,131.3500
1628333243602000,0,6.47367274,131.3500
1628333243662000,0,113.72320000,131.3500
1628333245305000,0,0.00005150,131.3500
1628333280473000,1,3.05572560,131.3900
1628333642110000,1,6.48259710,131.1800
1628333642110000,1,18.00000000,131.1800
1628333642110000,1,4.00000000,131.1700
1628333642110000,1,1.91129303,131.1600
1628333712099000,1,0.45985756,131.2800
1628333722692000,1,0.17878136,131.2800
1628333742674000,1,0.28029527,131.2800
1628333861129000,0,0.80000000,131.2200
1628333861153000,0,0.00340200,131.2200
1628333933285000,1,6.47633825,131.3100
1628333933443000,1,7.61139310,131.3000
1628334044841000,0,11.26696932,131.3400
1628334154126000,0,5.00000000,130.9400
1628334154388000,1,1.00000000,130.8100
1628334184476000,1,0.38462131,130.8600
1628334184662000,1,0.38560272,130.8600
1628334193513000,0,2.01420823,130.9100
1628334220010000,1,6.50632023,130.7300
1628334220010000,1,2.69442419,130.7300
1628334240352000,1,3.21574560,130.7500
1628334249821000,1,0.38555672,130.7500
1628334339793000,1,0.62000000,130.6700
1628334398000000,0,1.57464400,130.6200
1628334441349000,1,0.28106636,130.5300
1628334441447000,1,1.00000000,130.5300
1628334441526000,1,1.00089316,130.5300
1628334445664000,0,0.41067761,130.6900
1628334624621000,0,1.60060975,130.5800
1628334736329000,1,0.28192814,130.3600
1628334960270000,1,0.93994463,130.3700
1628335060859000,0,0.85790591,130.4400
1628335159343000,1,0.22900000,130.3700
1628335181528000,0,6.59741055,130.5300
1628335195118000,0,0.46266370,130.5700
1628335223837000,0,0.55788794,130.6700
1628335269301000,0,0.22318938,130.7600
1628335314026000,0,0.35531443,130.8700
1628335532033000,0,6.50058631,130.9600
1628335532033000,0,5.00000000,130.9800
1628335532033000,0,1.56670903,130.9900
1628335546062000,0,1.02503052,131.0400
1628335563712000,0,1.00000000,131.1600
1628335568798000,0,0.34545593,131.2400
1628335663177000,1,4.55900000,130.9300
1628335705616000,0,0.56278246,131.0700
1628335714199000,1,0.20716829,130.9200
1628335795594000,1,0.19233906,130.8900
1628336089540000,1,2.00152070,131.4000
1628336094777000,0,1.11051226,131.5400
1628336118267000,1,1.41714628,131.1600
1628336118267000,1,0.60695470,131.1400
1628336200139000,0,1.26695025,131.2000
1628336473684000,0,3.00000000,131.1900
1628336493631000,1,1.47000000,131.1600
1628336493717000,1,0.39999040,131.1600
1628336504306000,1,0.73900000,131.0300
1628336528382000,0,5.67278963,131.0100
1628336554737000,1,3.85501000,130.9300
1628336640283000,1,0.72231541,131.0000
1628336869452000,0,0.35012721,130.9100
1628336880324000,1,0.30000000,130.8700
1628336880324000,1,2.85374700,130.7700
1628336956328000,1,1.54790567,130.8900
1628337064728000,1,5.30115019,130.9800
1628337241505000,1,1.41770000,131.0900
1628337271492000,1,6.48290000,131.1800
1628337276822000,0,0.20000000,131.2000
1628337377300000,0,1.00000000,131.4000
1628337430206000,1,4.00000000,131.4400
1628337431208000,1,5.00000000,131.4500
1628337432254000,1,4.00000000,131.4500
1628337433257000,1,5.00000000,131.4500
1628337435311000,1,4.00000000,131.4500
1628337436394000,1,4.00000000,131.4700
1628337446719000,0,0.22476611,131.6200
1628337586479000,1,6.46381000,131.5800
1628337586479000,0,24.63950000,131.6000
1628337658575000,0,18.00000000,131.5800
1628337658575000,0,6.47145754,131.5900
1628337658575000,0,4.50000000,131.6200
1628337658575000,0,3.09809225,131.6200
1628337761428000,1,6.45098859,131.8300
1628337892054000,0,0.22560012,132.1700
1628337926393000,1,0.76417481,132.0900
1628337937059000,1,0.27500000,132.2400
1628337937164000,1,0.20100000,132.2500
1628337938917000,0,3.68508991,132.4300
1628337962141000,1,7.53615000,132.5300
1628337966518000,1,7.54090000,132.4800
1628337977906000,0,2.36095832,132.4900
1628338011668000,1,5.03218738,132.5900
1628338019798000,1,3.59527542,132.6100
1628338089648000,0,0.39743967,132.9100
1628338108081000,1,7.53715000,132.5900
1628338108258000,1,0.00000819,132.5900
1628338108258000,1,21.24399181,132.5600
1628338108506000,1,18.84340000,132.5400
1628338108607000,1,0.00001535,132.5400
1628338108607000,1,7.53714465,132.5400
1628338158942000,0,0.37651000,132.4500
1628338178462000,0,33.20743887,132.4400
1628338178462000,0,6.42665496,132.4400
1628338178462000,0,25.70590617,132.4700
1628338183311000,0,0.75071676,132.5400
1628338194417000,1,7.54840000,132.3800
1628338194508000,1,0.00002313,132.3800
1628338194508000,1,18.86987687,132.3600
1628338195503000,0,0.50000000,132.5200
1628338205037000,1,7.54790512,132.3700
1628338205037000,1,10.36279488,132.3600
1628338205236000,1,6.46705000,132.3600
1628338215034000,0,18.00000000,132.4400
1628338217985000,1,7.54800000,132.3600
1628338218148000,1,0.00000507,132.3600
1628338218148000,1,18.87108493,132.3500
1628338223941000,1,6.89200000,132.4000
1628338223943000,1,0.00002411,132.4000
1628338229716000,0,1.28000000,132.3500
1628338230101000,0,5.15000000,132.3500
1628338250194000,1,7.55688645,132.2000
1628338250194000,1,18.89271355,132.2000
1628338250211000,1,0.00012314,132.2000
1628338252154000,0,6.43999238,132.2200
1628338259952000,0,10.00000000,132.2500
1628338276120000,0,20.36000000,132.3000
1628338285823000,0,0.00212960,132.3500
1628338343180000,1,3.26370332,132.3700
1628338404295000,1,6.43023950,132.2700
1628338404295000,1,0.83297955,132.2700
1628338493721000,0,0.21978730,132.6200
1628338504205000,0,3.00000000,132.5000
1628338615697000,1,6.41941769,132.4900
1628338615731000,1,32.08950000,132.4800
1628338626719000,1,0.41700000,132.2300
1628338657367000,1,1.00000000,132.2600
1628338678442000,1,7.55930000,132.1300
1628338683599000,1,10.72354228,132.1400
1628338693746000,0,0.60533600,132.1800
1628338696121000,1,7.56251267,132.0500
1628338696121000,1,19.30650000,132.0400
1628338696121000,1,5.20053712,132.0400
1628338732407000,0,1.11784791,132.2300
1628338744983000,1,7.56337000,132.1200
1628338762238000,0,18.93000000,132.1900
1628338834736000,1,0.38788110,132.1700
1628338837295000,1,0.86196623,132.1700
1628338840560000,0,0.39000000,132.1700
1628338845312000,1,0.49163620,132.1300
1628338910774000,0,0.00627470,132.1700
1628338986607000,0,6.42715537,132.5300
1628338986727000,0,4.80870234,132.5600
1628338986728000,0,4.44559307,132.5600
1628338986743000,0,2.40411980,132.5600
1628338986765000,0,7.27158479,132.5600
1628338988207000,1,0.75513000,132.5200
1628338988207000,1,1.13270000,132.5200
1628338988715000,1,0.39990000,132.5200
1628338988717000,1,0.75536000,132.5200
1628338994006000,1,7.54133202,132.5200
1628338994452000,1,19.21400000,132.5100
1628339030561000,1,6.42750000,132.3800
1628339051116000,0,7.44767060,132.4900
1628339068081000,1,0.15200000,132.3400
1628339138698000,1,6.41736000,132.5800
1628339152270000,0,15.67900000,132.7600
1628339152296000,0,1.88880000,132.7600
1628339152323000,0,1.74550000,132.7600
1628339152324000,0,1.28770000,132.7600
1628339266476000,0,7.54371882,132.7000
1628339268899000,0,5.65628208,132.7800
1628339317002000,0,2.02479650,132.6800
1628339324296000,1,6.42190000,132.4600
1628339340744000,1,0.00006187,132.4600
1628339340744000,1,6.42263813,132.4500
1628339374488000,1,0.16256000,132.4200
1628339408826000,1,0.21300000,132.4200
1628339408954000,1,0.00021405,132.4200
1628339416771000,1,15.07610000,132.1600
1628339429274000,1,0.80000000,132.0200
1628339516836000,0,1.96238934,132.4300
1628339521423000,1,4.00000000,132.2600
1628339528041000,0,6.42830000,132.5000
1628339529875000,0,0.00009857,132.5000
1628339529875000,0,6.42580143,132.5400
1628339555639000,0,3.71964140,132.5100
1628339592419000,0,1.11501019,132.7200
1628339597402000,1,1.59734503,132.5200
1628339647730000,1,0.23010307,132.4200
1628339648197000,0,5.00000000,132.6000
1628339653884000,0,1.42285842,132.6000
1628339653884000,0,5.57714158,132.6000
1628339663878000,0,0.21982048,132.6200
1628339760317000,1,0.25880855,132.4200
1628339767171000,0,0.91522793,132.5600
1628339880334000,1,1.90700236,132.4200
1628339882952000,0,1.69417004,132.5400
1628339910760000,1,7.55600000,132.2600
1628339938088000,0,1.09819069,132.3500
1628339940404000,0,2.60207958,132.3500
1628339994132000,0,2.78026493,132.2100
1628340009503000,1,7.56680000,131.9100
1628340017066000,1,7.59490000,131.5600
1628340044594000,1,0.00000446,131.1800
1628340044594000,1,0.26999554,131.0600
1628340056436000,0,36.03281000,131.2800
1628340081588000,0,0.50991958,130.8600
1628340081588000,0,12.77618812,130.8700
1628340088154000,0,0.50425613,130.6800
1628340088154000,0,6.60595880,130.7100
1628340103642000,1,1.34230000,130.6800
1628340111766000,0,19.10500000,130.8600
1628340117337000,0,2.00000000,130.9800
1628340117343000,0,37.44320000,130.9900
1628340117353000,0,2.35000000,130.9900
1628340117366000,0,4.01260000,130.9900
1628340117422000,0,1.30860000,130.9900
1628340117795000,1,18.00000000,130.8600
1628340117795000,1,0.50787675,130.8500
1628340117795000,1,5.34256992,130.8500
1628340144869000,1,6.51550000,130.5100
1628340159394000,1,3.16808465,130.5700
1628340160409000,1,6.51695668,130.5100
1628340160409000,1,1.66358735,130.4700
1628340261931000,0,0.22996168,130.7200
1628340263396000,1,0.26988000,130.5600
1628340291604000,0,7.67290000,130.4600
1628340291642000,0,0.00004825,130.4600
1628340294229000,1,2.52308254,130.4900
1628340331675000,0,6.53344274,130.3500
1628340331675000,0,1.50000000,130.3700
1628340331675000,0,1.85263587,130.3700
1628340338145000,0,6.53624182,130.3100
1628340338145000,0,5.82894130,130.3400
1628340344588000,0,6.53972069,130.2300
1628340344588000,0,0.50150446,130.2800
1628340344588000,0,2.23764546,130.2900
1628340346751000,1,1.00000000,129.9900
1628340347149000,1,0.15388451,129.9700
1628340347149000,1,0.34611549,129.8300
1628340347184000,1,3.87008179,129.8300
1628340351284000,0,6.97360658,129.8200
1628340356913000,1,7.70950582,129.5100
1628340356913000,1,7.68434790,129.5000
1628340356923000,1,1.23090000,129.5500
1628340358081000,0,32.68660000,129.5600
1628340358380000,1,21.00000000,129.4700
1628340358603000,1,28.95129079,129.4700
1628340358603000,1,18.00000000,129.4700
1628340359853000,0,1.58078276,129.5700
1628340361146000,0,29.47000000,129.5700
1628340363957000,0,0.20020000,129.5800
1628340391854000,0,3.02809943,129.3500
1628340395957000,0,1.00000000,129.2600
1628340406489000,0,72.00000000,129.2100
1628340406676000,0,72.00000000,129.2100
1628340406678000,0,72.00000000,129.2100
1628340406778000,0,8.04070000,129.2100
1628340410783000,0,0.19631132,129.4000
1628340418310000,0,7.72916951,129.4600
1628340418310000,0,16.26390057,129.4700
1628340418310000,0,4.66868856,129.4800
1628340418906000,0,7.72833339,129.5200
1628340419271000,0,7.72725000,129.5300
1628340427488000,0,0.00000615,129.5800
1628340480316000,1,1.00787624,129.6600
1628340501639000,1,2.00000000,129.7500
1628340542583000,1,0.79220678,129.6800
1628340549077000,1,0.73737000,129.5300
1628340570580000,0,7.71878000,129.6700
1628340604526000,1,1.00732918,129.4800
1628340617269000,0,20.00000000,129.5000
1628340617418000,0,49.00000000,129.5000
1628340617497000,0,22.61938000,129.5000
1628340617627000,0,15.00000000,129.5000
1628340617698000,0,27.00000000,129.5000
1628340617839000,0,24.00000000,129.5000
1628340617910000,0,17.00000000,129.5000
1628340617977000,0,17.00000000,129.5000
1628340618045000,0,51.00000000,129.5000
1628340618123000,0,19.00000000,129.5000
1628340618524000,0,14.00000000,129.5000
1628340618590000,0,22.00000000,129.5000
1628340618662000,0,20.00000000,129.5000
1628340620280000,0,8.84990000,129.5000
1628340620550000,0,0.00000957,129.5000
1628340623283000,1,6.56746566,129.4500
1628340623283000,1,18.00000000,129.4500
1628340623283000,1,10.00000000,129.4400
1628340624130000,1,3.67009768,129.4700
1628340628508000,1,6.32990000,129.4700
1628340628519000,1,0.00000232,129.4700
1628340628519000,1,19.37459768,129.4600
1628340628542000,1,1.03230000,129.4600
1628340628559000,1,3.41180000,129.4600
1628340628582000,1,1.02330000,129.4500
1628340628808000,1,2.41370000,129.4300
1628340628829000,1,3.79640000,129.4300
1628340628838000,1,1.11840000,129.4300
1628340628846000,1,2.00600000,129.4300
1628340628860000,1,1.65530000,129.4300
1628340628872000,1,1.70320000,129.4300
1628340628878000,1,1.86550000,129.4300
1628340628890000,1,1.85380000,129.4300
1628340628899000,1,2.86710000,129.4300
1628340628911000,1,1.27860000,129.4300
1628340638650000,1,1.14970000,129.3300
1628340638666000,1,2.06280000,129.3300
1628340638893000,1,1.82320000,129.3100
1628340638913000,1,1.31690000,129.3100
1628340638946000,1,1.68760000,129.3100
1628340639159000,1,2.15330000,129.2700
1628340639351000,1,1.84280000,129.2700
1628340639351000,1,3.53580000,129.2700
1628340641819000,1,1.01450000,129.2100
1628340641823000,1,3.25490000,129.2100
1628340641836000,1,1.00130000,129.2100
1628340641861000,1,2.80040000,129.2100
1628340675762000,0,7.74617000,129.1900
1628340698377000,0,0.38678734,129.3400
1628340710781000,1,0.30900103,129.1600
1628340722250000,1,1.40710870,129.0800
1628340792090000,1,6.57708000,129.2600
1628340829739000,1,12.81595598,129.0500
1628340855474000,1,3.56040000,129.0600
1628340855588000,1,0.00005194,129.0600
1628340861330000,1,0.46840572,128.8900
1628340871970000,1,1.14185438,128.8400
1628340884740000,0,0.50805877,128.9100
1628340890785000,1,0.15528360,128.8000
1628340960588000,0,7.78000000,128.6400
1628340960757000,0,0.00004080,128.6400
1628340971793000,1,0.62621556,128.5600
1628340983468000,1,20.01899000,128.3700
1628340986756000,0,7.79945000,128.3600
1628341026250000,1,6.62296092,128.3400
1628341026250000,1,21.20200000,128.3200
1628341026272000,1,5.00000000,128.3100
1628341026272000,1,33.11480456,128.3000
1628341026272000,1,7.79144206,128.2600
1628341026272000,1,153.61255338,128.2500
1628341026475000,1,19.47820000,128.2400
1628341026552000,1,14.81750000,128.2600
1628341026564000,1,6.38450000,128.2600
1628341026564000,1,0.00009339,128.2400
1628341026564000,1,21.31420661,128.2300
1628341027002000,1,0.25583808,128.1200
1628341027451000,1,2.77130699,128.1200
1628341031175000,1,2.00000000,128.0000
1628341031175000,1,2.00000000,128.0000
1628341031175000,1,0.50000000,128.0000
1628341031188000,1,21.20200000,127.9900
1628341031364000,1,3.50000000,127.9500
1628341031370000,1,17.70200000,127.9500
1628341031639000,1,1.00000000,127.7200
1628341031681000,1,0.49922978,127.6200
1628341031681000,1,3.50000000,127.6200
1628341031681000,1,31.86090464,127.6100
1628341031681000,1,7.08000000,127.6100
1628341031681000,1,160.23920000,127.6000
1628341031681000,1,8.29243090,127.5700
1628341031719000,1,32.76029972,127.5700
1628341032463000,1,21.20200000,127.5900
1628341034358000,1,3.64929000,127.5700
1628341035662000,1,0.00000080,127.5700
1628341035662000,1,0.00003310,127.5500
1628341035662000,1,9.62861025,127.4700
1628341035662000,1,0.50292694,127.4100
1628341039119000,0,7.84079476,127.6800
1628341039119000,0,19.59186232,127.7000
1628341039273000,0,5.00000000,127.6900
1628341039273000,0,7.83710798,127.6900
1628341039616000,0,7.83244303,127.8000
1628341039616000,0,7.83649385,127.8000
1628341039616000,0,11.92736312,127.8200
1628341039795000,0,7.66204293,127.8200
1628341039795000,0,4.50000000,127.8200
1628341040023000,0,7.83240000,127.8200
1628341040026000,0,0.00004303,127.8200
1628341043845000,0,7.83649385,128.0000
1628341043845000,0,7.81897050,128.0000
1628341043845000,0,29.81949511,128.0100
1628341044871000,0,38.89715513,128.0700
1628341050039000,1,3.94910140,127.8600
1628341052583000,0,7.82090000,128.0600
1628341057443000,1,9.54266470,127.9600
1628341084490000,1,6.06200000,128.3600
1628341164825000,0,0.22664550,128.3400
1628341179307000,0,5.00000000,128.3200
1628341219349000,1,17.77300000,128.3100
1628341262325000,1,17.77300000,127.9800
1628341292829000,1,17.77300000,127.5900
1628341338614000,1,5.91860000,127.5600
1628341338636000,1,1.01230000,127.5600
1628341338656000,1,1.05810000,127.5600
1628341338666000,1,1.33850000,127.5600
1628341338689000,1,1.84090000,127.5600
1628341338723000,1,1.31540000,127.5600
1628341338777000,1,1.72490000,127.5600
1628341338783000,1,1.48690000,127.5600
1628341358880000,0,7.83907000,127.6500
1628341359788000,1,2.00000000,127.5400
1628341363685000,0,0.00000383,127.6500
1628341363685000,0,0.45999617,127.7500
1628341370174000,0,50.48634000,127.7500
1628341396444000,0,0.00000746,127.7500
1628341396444000,0,1.15333433,127.8000
1628341414825000,1,2.31042162,127.4000
1628341415805000,1,20.80200000,127.3400
1628341415884000,1,7.84740000,127.3400
1628341416719000,1,0.15709000,127.3200
1628341416723000,1,0.00000043,127.3200
1628341416723000,1,1.82849957,127.2600
1628341416735000,1,2.26180000,127.2600
1628341416767000,1,1.85370000,127.2600
1628341419818000,1,20.80200000,127.2200
1628341421269000,1,20.80200000,127.1500
1628341422572000,1,7.85978000,126.9900
1628341425476000,1,2.30670000,126.8000
1628341432178000,0,7.88331000,126.9300
1628341432253000,0,7.88394058,126.9200
1628341432253000,0,20.93465942,126.9500
1628341432768000,0,7.88282452,126.9900
1628341432768000,0,7.81717548,127.0000
1628341432813000,0,27.97770000,127.0100
1628341432906000,0,23.27030000,127.0100
1628341432987000,0,0.00004538,127.0100
1628341433043000,1,7.87822659,127.0000
1628341433052000,0,19.70730000,127.0500
1628341448085000,1,18.00000000,127.0400
1628341472419000,0,0.37752000,127.2900
1628341475450000,0,0.00000580,127.2900
1628341488561000,0,3.00000000,127.5700
1628341513937000,1,10.00000000,127.4300
1628341513937000,1,18.00000000,127.4300
1628341513937000,1,6.00000000,127.4200
1628341529966000,1,0.85634997,127.4800
1628341547808000,0,0.46000000,127.5900
1628341575505000,0,7.83465000,127.7400
1628341583524000,0,7.17299000,127.7400
1628341594562000,0,0.00000024,127.7400
1628341684672000,1,6.65170000,127.7100
1628341708647000,1,6.65040000,127.7500
1628341734594000,1,6.65480000,127.6700
1628341746971000,0,38.00000000,127.8900
1628341751493000,1,6.64250000,127.8800
1628341772441000,1,27.53105000,127.8100
1628341772508000,1,15.50345000,127.8100
1628341802747000,0,1.77010026,127.7600
1628341827136000,1,0.00009943,127.6700
1628341827136000,1,0.96807274,127.5500
1628341832168000,0,0.65000000,127.6900
1628341854129000,1,0.83684000,127.6100
1628341898694000,1,4.84300000,127.6400
1628341898706000,1,0.00009386,127.6400
1628342020557000,1,6.64840000,127.8200
1628342026082000,1,6.65020000,127.7700
1628342036856000,1,6.65480000,127.6700
1628342036899000,1,0.00003368,127.6700
1628342047157000,1,6.65510000,127.6700
1628342055059000,1,0.00006599,127.6700
1628342055059000,1,6.65593401,127.6600
1628342073999000,1,5.07230000,127.7400
1628342074050000,1,1.57960000,127.7400
1628342077104000,1,0.00007716,127.7400
1628342077104000,1,6.39702284,127.7400
1628342093461000,1,0.00013260,127.6600
1628342093461000,1,1.72465740,127.6500
1628342100608000,1,4.93173000,127.6500
1628342266782000,1,5.23180000,128.4700
1628342266810000,1,1.38230000,128.4700
1628342295914000,1,0.17400000,128.4500
1628342296013000,1,0.28301249,128.4500
1628342306051000,1,6.15811484,128.4500
1628342306051000,1,18.00000000,128.4500
1628342306051000,1,5.00000000,128.4200
1628342306051000,1,2.79132976,128.4100
1628342306603000,1,0.40000000,128.4500
1628342306817000,1,6.21510000,128.4500
1628342310232000,0,0.22694572,128.5200
1628342358980000,0,0.21453067,128.3300
1628342360587000,1,6.62530000,128.2300
1628342366394000,1,6.63290000,128.0800
1628342379048000,0,1.62028369,128.0800
1628342430022000,1,0.28651823,128.2700
1628342594211000,1,0.38198184,128.4400
1628342598154000,1,4.00000000,128.4400
1628342601767000,0,0.76379851,128.6300
1628342664679000,0,0.63338115,128.7900
1628342695763000,1,6.59378000,128.9000
1628342697915000,1,0.00000782,128.9000
1628342697915000,1,6.59644218,128.8500
1628342753007000,1,6.58640000,129.0200
1628342814511000,0,7.74521234,129.1800
1628342827246000,1,1.94934294,129.1100
1628342827398000,1,3.05571477,129.1100
1628342839365000,1,6.57840000,129.1700
1628342843460000,1,6.57800000,129.1900
1628342857885000,1,2.08059030,129.1900
1628342872087000,0,1.00000000,129.3400
1628342901420000,1,2.29540000,129.3100
1628342901440000,1,1.24700000,129.3100
1628342901454000,1,1.42580000,129.3100
1628342901454000,1,1.21780000,129.3100
1628342901501000,1,0.38637564,129.3100
1628342923730000,0,0.25264800,129.3100
1628342930208000,0,1.31134729,129.3100
1628342981147000,1,0.28469962,128.9900
1628343145535000,1,1.79400000,129.2100
1628343161340000,0,2.64400000,129.3200
1628343162560000,0,0.00000108,129.3200
1628343162560000,0,3.07620853,129.3800
1628343298891000,1,6.58540473,129.0100
1628343298891000,1,2.50000000,128.9700
1628343298891000,1,18.00000000,128.9600
1628343298891000,1,2.41007055,128.9600
1628343322086000,1,1.08660000,128.6500
1628343322112000,1,0.90055440,128.6500
1628343410196000,1,0.28622838,128.9400
1628343451533000,0,74.11121000,129.2500
1628343462808000,1,5.00000000,129.1900
1628343470828000,1,6.58077000,129.1500
1628343521780000,1,0.28542871,129.1800
1628343664438000,1,0.89971935,128.7600
1628343692109000,0,0.21363282,128.9600
1628343710720000,1,6.59880000,128.8300
1628343736726000,1,0.19626894,128.6500
1628343766013000,1,1.17619423,128.5900
1628343819004000,1,6.61489000,128.5300
1628343851325000,0,6.61016641,128.7500
1628343851325000,0,18.00000000,128.7500
1628343851325000,0,4.41753162,128.7500
1628343853965000,1,4.36204228,128.5700
1628343937585000,1,1.91186825,128.3300
1628343958953000,1,3.34374241,128.3100
1628343973633000,1,0.19850000,128.2100
1628344029897000,0,1.00000000,128.4800
1628344079615000,1,1.50000000,127.9200
1628344120288000,1,0.28685342,127.8500
1628344323454000,1,6.63043000,128.1900
1628344334235000,0,1.03697944,128.2400
1628344335098000,1,0.00000034,128.1900
1628344335098000,1,6.63526835,128.0800
1628344382203000,1,6.63840000,128.0400
1628344384765000,1,0.00001941,128.0400
1628344384765000,1,6.63841941,128.0400
1628344384943000,1,6.63840000,128.0400
1628344391104000,1,0.00001941,128.0400
1628344391104000,1,6.63778059,128.0400
1628344393936000,1,0.00001291,128.0400
1628344393936000,1,1.44328709,127.9300
1628344423986000,1,2.50510608,127.9900
1628344450270000,1,0.39233000,128.0800
1628344451201000,1,0.00000290,128.0800
1628344483800000,0,18.00000000,128.1100
1628344604967000,1,0.72457024,128.2300
1628344615512000,1,0.99269531,128.1500
1628344718660000,1,0.19770966,127.9500
1628344737592000,1,5.77275141,127.9300
1628344782010000,1,3.34384882,127.8300
1628344787706000,1,0.35505000,127.8100
1628344836619000,1,6.64184000,127.9300
1628344899205000,1,0.76152002,128.0300
1628344917005000,0,2.00000000,128.1100
1628344984525000,0,0.38888022,128.2400
1628344988465000,0,7.41483000,128.2400
1628345081331000,1,1.34494560,128.1300
1628345177172000,1,0.18422126,128.1600
1628345202766000,1,6.62747000,128.2100
1628345343976000,1,0.28698769,128.0900
1628345465305000,0,0.94264964,128.3000
1628345483789000,0,0.02735036,128.3000
1628345578592000,1,6.61230000,128.4700
1628345641432000,0,3.78833224,128.4700
1628345642766000,1,6.61920000,128.3500
1628345661764000,1,0.00001503,128.3500
1628345661764000,1,0.29906539,128.2900
1628345740451000,1,0.88220006,128.4100
1628345763986000,0,0.76707422,128.6200
1628345807642000,0,0.37421494,128.7600
1628345841860000,1,0.77525500,128.7100
1628345889701000,1,0.89888381,128.7000
1628345899715000,0,0.26374249,128.8600
1628345978326000,0,0.99056983,128.8400
1628346075894000,0,0.19376651,128.6600
1628346268936000,1,0.67233600,128.8300
1628346294817000,0,2.27450011,128.9300
1628346385854000,1,0.62647190,128.6500
1628346538216000,1,2.06518424,128.6400
1628346601655000,1,12.52918000,128.8300
1628346601675000,1,0.00000574,128.8300
1628346687801000,1,0.27800100,128.2600
1628346710508000,1,0.16000000,128.3400
1628346840274000,1,4.08335096,128.4700
1628346895050000,0,3.60000000,128.6900
1628346912069000,1,0.66891959,128.7800
1628346960270000,1,0.91981789,128.8900
1628346970825000,1,3.64500512,129.0300
1628346974324000,1,0.15954300,129.0500
1628346979490000,1,0.79465800,129.0300
1628347002603000,1,0.17046726,129.0000
1628347020655000,1,6.57920607,129.0800
1628347020655000,1,15.00000000,129.0800
1628347020655000,1,7.74305516,129.0700
1628347020655000,1,10.54049383,129.0600
1628347041544000,0,1.88008092,129.2500
1628347043543000,1,0.19491993,129.1100
1628347165557000,0,0.15777599,129.1900
1628347257168000,1,0.94523000,128.9500
1628347362074000,0,1.50418125,129.1600
1628347381129000,0,7.74269000,129.2300
1628347482329000,1,0.19581000,128.9500
1628347482390000,1,0.00000233,128.9500
1628347482390000,1,0.99999767,128.8900
1628347490395000,1,0.00000233,128.8900
1628347597526000,1,4.24803930,128.8400
1628347614789000,0,4.00000000,128.9600
1628347638164000,0,0.38190136,129.0200
1628347653713000,1,0.50000000,128.9300
1628347685472000,1,0.38190136,129.0900
1628347693696000,1,0.26000000,129.0300
1628347722407000,1,3.31270298,128.9600
1628347722562000,1,0.52000000,128.9600
1628347806879000,1,6.57685000,129.1000
1628347920295000,1,0.73311815,129.3600
1628348056036000,1,0.28430351,129.3800
1628348064263000,0,0.52491824,129.5000
1628348139681000,0,0.80671814,129.5000
1628348343739000,0,0.63749920,129.6000
1628348349104000,1,0.19965066,129.4400
1628348351257000,0,0.43499946,129.6000
1628348425699000,1,2.37430177,129.4000
1628348429702000,1,7.72320000,129.4000
1628348435890000,0,0.15372730,129.4500
1628348491417000,1,7.72666000,129.3400
1628348491504000,1,0.00000179,129.3400
1628348492912000,1,34.00000000,129.2500
1628348519539000,0,0.44149965,129.1300
1628348540747000,0,3.77936311,129.1200
1628348541007000,0,6.29893853,129.1200
1628348551476000,0,0.42872593,129.0900
1628348679142000,1,0.63133889,128.9100
1628348735630000,0,1.40000000,129.1200
1628348755459000,1,0.40859000,129.2600
1628348812974000,0,6.55739863,129.5900
1628348812974000,0,18.00000000,129.6100
1628348812974000,0,0.48592862,129.6500
1628348812974000,0,6.82114239,129.6500
1628348812974000,0,0.64901623,129.6500
1628348915777000,1,15.00000000,129.6700
1628348915812000,1,15.00000000,129.6600
1628348916006000,1,6.55012449,129.6000
1628348916006000,1,0.50000000,129.5700
1628348916006000,1,0.02518762,129.5700
1628348949962000,1,6.54927629,129.6100
1628348949962000,1,13.27253391,129.6100
1628348985228000,0,3.60000000,129.8100
1628349008753000,1,0.39174800,129.8000
1628349018498000,0,0.15709000,129.8600
1628349018498000,0,0.00000043,129.8600
1628349095274000,1,0.36836958,130.1000
1628349126163000,1,0.98742882,130.1600
1628349154091000,0,9.62860000,130.4800
1628349158385000,0,0.00001025,130.4800
1628349159478000,1,0.99900000,130.4700
1628349182142000,1,15.00000000,130.7600
1628349187602000,1,4.65194530,130.7600
1628349209085000,1,39.00000000,130.9700
1628349209516000,1,2.00000000,130.9700
1628349225004000,1,15.00000000,130.9700
1628349225032000,1,6.48240000,130.9600
1628349225319000,1,15.00000000,130.9400
1628349225320000,1,32.41308296,130.9000
1628349225320000,1,44.99991704,130.9000
1628349241129000,1,7.64888556,130.5900
1628349302294000,1,6.48540000,130.8500
1628349302301000,1,0.00006725,130.8500
1628349318878000,1,6.49340000,130.7000
1628349323528000,1,0.00004571,130.7000
1628349323528000,1,6.49715429,130.6200
1628349393963000,0,7.67447929,130.3800
1628349408298000,1,0.76046230,130.3700
1628349449245000,1,1.80000000,130.4200
1628349522388000,1,21.00000000,130.5100
1628349522444000,1,19.00000000,130.5100
1628349522510000,1,16.00000000,130.5100
1628349540199000,1,0.99610000,130.5100
1628349605010000,1,0.32537782,130.8200
1628349610262000,1,35.00000000,130.8500
1628349667500000,0,0.85457182,130.7200
1628349848237000,1,3.25309000,130.6700
1628349862428000,1,45.00000000,130.6800
1628349903719000,1,6.50032392,130.5800
1628349903719000,1,11.17875830,130.5500
1628349932998000,1,26.06760000,130.4500
1628349933211000,1,24.93240000,130.4500
1628349944531000,1,0.28147504,130.3600
1628349964962000,1,1.69900000,130.5100
1628349995434000,1,1.01740123,130.6900
1628350050370000,0,0.47758358,130.9800
1628350067599000,0,0.22560696,131.0900
1628350092778000,1,1.15377137,130.9800
1628350100529000,1,53.00000000,130.8800
1628350107975000,0,7.64152000,130.9700
1628350121344000,1,0.24502488,130.8900
1628350180376000,1,18.00000000,130.8800
1628350180376000,1,6.48417294,130.8700
1628350180376000,1,8.02931293,130.8500
1628350195425000,1,2.93049800,130.8900
1628350200355000,1,2.31817277,130.9700
1628350216790000,1,1.88451582,131.0300
1628350219438000,1,0.50000000,131.0000
1628350219438000,1,0.27725092,130.9900
1628350227565000,0,0.98355058,131.0700
1628350242008000,0,7.63696000,131.0200
1628350250285000,1,0.90000000,130.9400
1628350385144000,1,25.83760000,130.8400
1628350393394000,1,2.11000000,130.7800
1628350399413000,1,0.96322949,130.8400
1628350412511000,0,4.26679330,130.9400
1628350415150000,0,5.04888530,130.9200
1628350416820000,0,17.95040826,130.9000
1628350420003000,0,7.64537000,130.8900
1628350420007000,0,0.00000684,130.8900
1628350429031000,0,7.64350684,130.9400
1628350429031000,0,7.64525994,130.9500
1628350432410000,0,7.63452000,131.0700
1628350442075000,1,0.28085175,131.2600
1628350442490000,0,7.61336000,131.4600
1628350447642000,0,18.00000000,131.6300
1628350447642000,0,7.59973982,131.7000
1628350447642000,0,6.56331535,131.7100
1628350459864000,1,0.99900000,131.4600
1628350462545000,1,0.37953223,131.4900
1628350485044000,0,18.99494535,131.7300
1628350485044000,0,7.59750465,131.7300
1628350499753000,1,0.97493651,131.6200
1628350553181000,1,3.82148723,131.8000
1628350563687000,0,0.36697960,131.9600
1628350584480000,1,0.50000000,131.8000
1628350584480000,1,19.49900000,131.7900
1628350592703000,0,1.40000000,132.0000
1628350603628000,1,36.00000000,131.7100
1628350604612000,1,0.27906180,131.6400
1628350678070000,1,33.00000000,131.6700
1628350678173000,1,25.00000000,131.6300
1628350746593000,1,0.27931609,131.5700
1628350750625000,0,0.22112218,131.7000
1628350798034000,1,1.00836134,131.7800
1628350829871000,1,6.59710000,131.7300
1628350830110000,1,1.86030000,131.7300
1628350830251000,1,1.40070000,131.7300
1628350830264000,1,2.68650000,131.7300
1628350830267000,1,20.45540000,131.7300
1628350869574000,1,0.76509233,131.7100
1628350978049000,1,1.03825462,131.6600
1628351010907000,1,0.37651800,131.6100
1628351041981000,1,6.45074304,131.5500
1628351041981000,1,23.91112612,131.5200
1628351050643000,1,0.22977197,131.4300
1628351123042000,1,4.92458978,131.7400
1628351127077000,1,1.00000000,131.7400
1628351147592000,1,32.00000000,131.7400
1628351169629000,1,6.01472201,131.5600
1628351184827000,1,1.00000000,131.4800
1628351204711000,1,6.58500000,131.4800
1628351205437000,1,0.00006652,131.4800
1628351235039000,1,2.92441750,131.4400
1628351291464000,1,2.02037315,131.4300
1628351311751000,1,3.58732803,131.3200
1628351323534000,1,0.25292150,131.3200
1628351331465000,1,5.42197298,131.1900
1628351331569000,1,2.19544959,131.1900
1628351362112000,0,7.62990000,131.1400
1628351362241000,0,0.00007665,131.1400
1628351362241000,0,38.99992335,131.1600
1628351362519000,0,7.62990000,131.1500
1628351362572000,0,0.00007665,131.1600
1628351376878000,0,7.62427000,131.2400
1628351377126000,0,0.00000569,131.2400
1628351406054000,1,0.39233290,131.1200
1628351460822000,1,6.46440703,131.3100
1628351460822000,1,18.00000000,131.3100
1628351460822000,1,7.69864814,131.2700
1628351476573000,1,0.34300000,131.2700
1628351487020000,1,0.28095900,131.2700
1628351544085000,1,0.15537242,131.3100
1628351578025000,1,0.93580000,131.3200
1628351635754000,1,6.48560000,130.8300
1628351636173000,1,6.00000000,130.7600
1628351644857000,1,0.48602601,130.5900
1628351644857000,1,2.57110000,130.5800
1628351644857000,1,12.58827699,130.5700
1628351689477000,1,0.77102132,130.5300
1628351770812000,1,1.71750000,130.8000
1628351771218000,1,0.00000764,130.8000
1628351826769000,1,6.49031427,130.7400
1628351826769000,1,8.64848579,130.7400
1628351843361000,0,5.11439057,130.7800
1628351975475000,1,6.49009351,130.7300
1628351975475000,1,1.83235052,130.7100
1628351975623000,1,1.10330000,130.7000
1628351975625000,1,2.43210000,130.7000
1628351975629000,1,1.33910000,130.7000
1628351975642000,1,3.09020000,130.7000
1628351975660000,1,1.56450000,130.7000
1628351975662000,1,2.73160000,130.7000
1628351975768000,1,26.73920000,130.7000
1628351975987000,1,4.13185000,130.6600
1628352000394000,1,3.73409258,130.5000
1628352010247000,0,7.65720236,130.7100
1628352021778000,1,1.01568905,130.5900
1628352093896000,1,0.17000000,130.7300
1628352095015000,1,15.00000000,130.7100
1628352131424000,0,3.61492324,130.3600
1628352180286000,1,0.38888022,130.0500
1628352182181000,1,44.00000000,130.0400
1628352182181000,1,3.84154774,130.0300
1628352195487000,0,3.56810211,129.9700
1628352217757000,0,5.41914990,129.7100
1628352252497000,1,0.65871031,129.6900
1628352280487000,1,0.49073000,128.8000
1628352295481000,1,0.30000000,128.7000
1628352298843000,1,3.89425910,128.9200
1628352301465000,0,19.36033455,129.2400
1628352301465000,0,7.74436545,129.2400
1628352301707000,0,0.00012713,129.2400
1628352301707000,0,19.35537287,129.2600
1628352314288000,1,6.57876000,128.9700
1628352329919000,1,0.30430759,128.6600
1628352339269000,1,0.15564493,128.5000
1628352365444000,1,0.47889300,128.5600
1628352423381000,0,30.41229000,128.3600
1628352423453000,0,21.58771000,128.3600
1628352443701000,0,7.80760000,128.1900
1628352445259000,1,1.00871211,128.1000
1628352509857000,0,1.10803402,128.7200
1628352516988000,1,0.48645206,128.6400
1628352517072000,1,1.92166747,128.6400
1628352555271000,0,19.43287000,128.7800
1628352573063000,1,44.00000000,128.6100
1628352593342000,0,7.77230000,128.7600
1628352627246000,0,7.75710000,128.9900
1628352628039000,0,0.98568438,129.1100
1628352636035000,0,7.75060000,129.1500
1628352668599000,1,0.83156721,129.0300
1628352669626000,1,0.83156721,129.1200
1628352670629000,1,0.83156722,129.1300
1628352671658000,1,0.83156721,129.1700
1628352672154000,0,6.35187000,129.3600
1628352672679000,1,0.83156722,129.1700
1628352673700000,1,0.83156721,129.1500
1628352674733000,1,0.83156722,129.1700
1628352675747000,1,0.83156721,129.2400
1628352676778000,1,0.83156722,129.2400
1628352677875000,1,0.83156721,129.1700
1628352686241000,0,7.73510000,129.4000
1628352686250000,0,7.73538719,129.3800
1628352686250000,0,0.00005964,129.4000
1628352686250000,0,5.00000000,129.4100
1628352698096000,1,41.00000000,129.3000
1628352749392000,1,25.00000000,129.3300
1628352749521000,1,22.00000000,129.3300
1628352810015000,1,1.02723984,128.8600
1628352859292000,1,0.82014507,128.5600
1628352881979000,0,7.77740000,128.6400
1628352896260000,0,7.77500000,128.7000
1628352897652000,0,50.29630000,128.7500
1628352897768000,0,0.23970987,128.7500
1628352906009000,1,0.15666600,128.6800
1628352906683000,0,7.77070000,128.7800
1628352913496000,0,7.76614000,128.8900
1628352919965000,0,7.75850000,128.9600
1628352919967000,0,0.00005206,128.9600
1628352924657000,1,24.69890000,128.8600
1628352924673000,1,1.30190000,128.8600
1628352960361000,1,0.42932633,128.9600
1628352992172000,1,24.79877000,128.9200
1628352992200000,1,19.20123000,128.9200
1628352996294000,1,38.00000000,128.7600
1628353042060000,1,0.27839000,128.5200
1628353044100000,1,1.27350000,128.5200
1628353044117000,1,2.08780000,128.5200
1628353044136000,1,1.06350000,128.5200
1628353044150000,1,2.37990000,128.5200
1628353044185000,1,1.35560000,128.5200
1628353044245000,1,1.06740000,128.5200
1628353044298000,1,2.15230000,128.5200
1628353044330000,1,1.62680000,128.5200
1628353044463000,1,1.50430000,128.5200
1628353123364000,0,7.82619000,127.9000
1628353129989000,0,7.82980000,127.9000
1628353129994000,0,0.00006742,127.9000
1628353144177000,0,7.82251000,127.9800
1628353161492000,1,0.15646196,127.8300
1628353167515000,0,17.94921234,127.7800
1628353181714000,0,7.82766000,127.8600
1628353194565000,0,7.82851000,127.8300
1628353196779000,1,0.51717845,127.5900
1628353196779000,1,3.17352155,127.5500
1628353197094000,1,2.82660000,127.5500
1628353198378000,1,0.00003525,127.5500
1628353200341000,0,3.17352000,127.5800
1628353201030000,1,5.02670000,127.3100
1628353201097000,1,2.49250000,127.3100
1628353202134000,0,0.51288782,127.5500
1628353202134000,0,6.13526218,127.5600
1628353208795000,0,6.82085000,127.4600
1628353212444000,1,6.66570044,127.1100
1628353212444000,1,21.81736733,127.1000
1628353212534000,0,144.00000000,127.1300
1628353212625000,0,68.95520000,127.1300
1628353214642000,0,6.66825733,127.3200
1628353225022000,0,1.00000000,127.1800
1628353227459000,1,5.04399340,126.8700
1628353228215000,0,0.91995597,127.0900
1628353232872000,1,0.00002046,126.7400
1628353232872000,1,7.88637954,126.6400
1628353233469000,1,0.33571174,126.6400
1628353235450000,0,6.69640000,126.8600
1628353240018000,0,6.90973000,126.8400
1628353240276000,0,0.00000668,126.8400
1628353240633000,0,6.91430759,126.9400
1628353242461000,0,6.90973668,126.9800
1628353242461000,0,6.91429332,126.9800
1628353252719000,0,5.35296551,127.1600
1628353253602000,0,5.35422883,127.1800
1628353263687000,0,5.76966000,127.3200
1628353263992000,1,1.92151798,127.1300
1628353271885000,0,4.51840000,127.4400
1628353277732000,0,4.41662649,127.5200
1628353277732000,0,11.04127351,127.5200
1628353277865000,0,7.08000000,127.5000
1628353277889000,0,0.00004983,127.5200
1628353320365000,1,7.73734493,127.4500
1628353333959000,1,0.73972560,127.2400
1628353354948000,1,1.21671819,127.5100
1628353387068000,0,4.06877000,127.7600
1628353394800000,1,0.77501356,127.4600
1628353410808000,0,3.87635000,127.6200
1628353412011000,0,9.68994259,127.6700
1628353412011000,0,3.87634741,127.6700
1628353416941000,0,3.48280000,127.7900
1628353440358000,1,0.73603212,127.7100
1628353451872000,1,0.81354992,127.6900
1628353478226000,0,3.32929000,127.9300
1628353504669000,1,27.74678000,127.8800
1628353504686000,1,5.82380000,127.8800
1628353504764000,1,3.14510000,127.8800
1628353517477000,0,3.25518000,127.9600
1628353517477000,0,0.00000313,127.9600
1628353564313000,0,3.18160000,128.1300
1628353564755000,0,0.00005353,128.1300
1628353612432000,1,18.00000000,127.8300
1628353612432000,1,5.00000000,127.8300
1628353612432000,1,0.81257526,127.8200
1628353614719000,1,0.31751700,127.8300
1628353658269000,1,2.31900000,127.9400
1628353668719000,1,0.98730362,127.9800
1628353668804000,1,17.01269638,127.9800
1628353668804000,1,2.64001660,127.9700
1628353688016000,1,14.70410000,127.9000
1628353688036000,1,33.29590000,127.9000
1628353759729000,0,7.82741000,127.8800
1628353759929000,0,7.82508000,127.8700
1628353805118000,0,7.83661000,127.7600
1628353818524000,0,7.77210000,127.9900
1628353835748000,1,1.00000000,128.0400
1628353841131000,1,0.90245796,128.0700
1628353860473000,1,21.00000000,128.0600
1628353860529000,1,22.00000000,128.0600
1628353902729000,1,34.00000000,128.2000
1628353912201000,1,0.79132518,128.1400
1628353920313000,1,4.01910986,128.1500
1628353926528000,0,7.59770000,128.4000
1628354003220000,1,0.67273564,128.3700
1628354020690000,1,44.00000000,128.2200
1628354020746000,1,13.00000000,128.2200
1628354022991000,0,1.30676763,128.2000
1628354024721000,1,2.45792942,127.9900
1628354029101000,0,7.34887000,128.1300
1628354030008000,0,7.34123000,128.2000
1628354131887000,0,7.01570000,128.3400
1628354174654000,1,5.40810000,128.5100
1628354174660000,1,1.31170000,128.5100
1628354184382000,1,1.92751667,128.5400
1628354255862000,0,6.85660000,128.9400
1628354257418000,0,17.13622667,129.0700
1628354257418000,0,6.85521941,129.0700
1628354257418000,0,18.67145392,129.0800
1628354257430000,0,1.04760000,129.0800
1628354257806000,1,3.10161214,128.9800
1628354258029000,1,3.10161214,129.0000
1628354290637000,0,3.23840000,129.1600
1628354290637000,0,1.00520000,129.1600
1628354290691000,0,1.85790000,129.1600
1628354290865000,0,0.49442027,129.1800
1628354291169000,0,0.48251609,129.2200
1628354291169000,0,0.67448391,129.2500
1628354291979000,0,0.51564959,129.2900
1628354291979000,0,0.48472761,129.3300
1628354291979000,0,13.28582280,129.3400
1628354292117000,0,1.00030000,129.3400
1628354293565000,0,0.00008620,129.3400
1628354293565000,0,0.47490195,129.3900
1628354293565000,0,5.23151185,129.4300
1628354294098000,0,0.47506512,129.4300
1628354294098000,0,0.50778556,129.4400
1628354294098000,0,0.47889929,129.5000
1628354294098000,0,14.18635003,129.5300
1628354299003000,0,5.71707162,129.6200
1628354299003000,0,14.29202838,129.6200
1628354300043000,1,13.28582000,129.4600
1628354308712000,1,39.00000000,129.5600
1628354310370000,1,0.99900000,129.4800
1628354310854000,0,1.02890000,129.6900
1628354310927000,0,2.46160000,129.6900
1628354311002000,0,2.20359161,129.6900
1628354311002000,0,2.83360839,129.7100
1628354315644000,0,1.91110000,129.7300
1628354315667000,0,1.34740000,129.7300
1628354315693000,0,1.40210000,129.7300
1628354328962000,0,1.15240000,129.7800
1628354329177000,0,1.40510000,129.7900
1628354329223000,0,1.90210000,129.7900
1628354329278000,0,1.62640000,129.7900
1628354333548000,1,0.48894000,129.7200
1628354333605000,1,0.77166000,129.7100
1628354364235000,1,6.54880000,129.4200
1628354365380000,1,0.00009376,129.4200
1628354365380000,1,6.54888624,129.4200
1628354365390000,1,0.00000752,129.4200
1628354365548000,1,32.74630000,129.4100
1628354365653000,1,0.00003487,129.4100
1628354366570000,1,6.55317000,129.3600
1628354366571000,1,0.00000425,129.3600
1628354375495000,1,6.55170000,129.4000
1628354375557000,1,0.00003337,129.4000
1628354380046000,1,6.55420000,129.3500
1628354381774000,0,3.08708816,129.3800
1628354386470000,0,7.73706000,129.4100
1628354387259000,0,7.73251643,129.4000
1628354387983000,0,7.73096000,129.4600
1628354398641000,0,7.72260000,129.6000
1628354400365000,1,0.69972170,129.5800
1628354405754000,1,58.00000000,129.6500
1628354408134000,1,6.54308000,129.5500
1628354409428000,1,0.00000958,129.5500
1628354409428000,1,6.54307042,129.5500
1628354412346000,1,0.00001916,129.5500
1628354412346000,1,6.54307084,129.5500
1628354412357000,1,0.00001874,129.5500
1628354412672000,1,20.90080000,129.5100
1628354412749000,1,27.09920000,129.5100
1628354426998000,0,11.30818493,129.5500
1628354428010000,0,7.11793209,129.4700
1628354446388000,1,6.55142000,129.3800
1628354446519000,1,0.00000303,129.3800
1628354446519000,1,0.00004548,129.3500
1628354446519000,1,25.83745149,129.3500
1628354446529000,1,1.78670000,129.3500
1628354446542000,1,1.12370000,129.3500
1628354446555000,1,1.19640000,129.3500
1628354469908000,0,5.00000000,129.4400
1628354482048000,0,7.72212000,129.5700
1628354482195000,0,0.00000694,129.5700
1628354497592000,0,4.50000000,129.5200
1628354511551000,1,6.54714000,129.4800
1628354512417000,1,0.00000854,129.4800
1628354516441000,0,7.73030000,129.5100
1628354518825000,1,0.75455475,129.4700
1628354520711000,0,7.72600000,129.5400
1628354520745000,0,0.00006442,129.5400
1628354521550000,0,7.72240000,129.5900
1628354521580000,0,0.00008474,129.5900
1628354531366000,1,6.54530000,129.5000
1628354531434000,1,0.00007468,129.5000
1628354544679000,0,7.72952808,129.4800
1628354544679000,0,0.91239939,129.4800
1628354546285000,1,6.55226000,129.3600
1628354547055000,0,32.04346000,129.4100
1628354563754000,1,5.17480000,129.5200
1628354563785000,1,1.65370000,129.5200
1628354563822000,1,1.29230000,129.5200
1628354563859000,1,1.34890000,129.5200
1628354563879000,1,1.20960000,129.5200
1628354563885000,1,1.06140000,129.5200
1628354563896000,1,3.13220000,129.5200
1628354563901000,1,25.00000000,129.5200
1628354563925000,1,1.00330000,129.5200
1628354563958000,1,8.12380000,129.5200
1628354586549000,0,0.99625540,129.6000
1628354613014000,0,7.71310000,129.7900
1628354613049000,0,0.00009264,129.7900
1628354619177000,0,7.70340000,129.9200
1628354640329000,1,0.22789857,129.7400
1628354702096000,1,21.00000000,129.5600
1628354702156000,1,27.00000000,129.5600
1628354702347000,1,1.00000000,129.5600
1628354716477000,0,7.71890000,129.6700
1628354716671000,0,7.71724031,129.6600
1628354716671000,0,11.58031969,129.7000
1628354717023000,0,7.71560000,129.7000
1628354760376000,1,0.78045501,130.0600
1628354765617000,1,20.42840000,130.0300
1628354765650000,1,6.02540000,130.0300
1628354773952000,0,7.68769000,130.2000
1628354774265000,0,7.68490000,130.2200
1628354787165000,0,7.68360000,130.2800
1628354788142000,0,19.19809224,130.3800
1628354788142000,0,0.61720776,130.3800
1628354788161000,0,1.54330000,130.3800
1628354788164000,0,5.25930000,130.3800
1628354789158000,0,4.45170000,130.4500
1628354791954000,0,1.22560000,130.5100
1628354791959000,0,5.32330000,130.5100
1628354791975000,0,1.11750000,130.5100
1628354792049000,0,0.00007756,130.5100
1628354792049000,0,0.91995597,130.5200
1628354792049000,0,1.74656647,130.5500
1628354794615000,1,5.00000000,130.4200
1628354804104000,1,18.58044000,130.2900
1628354804172000,1,30.00000000,130.2900
1628354826990000,1,0.73748157,129.9600
1628354847603000,0,7.69183434,130.1300
1628354847604000,0,0.00000001,130.1300
1628354847604000,0,7.69147938,130.1500
1628354847604000,0,5.00000000,130.1600
1628354858091000,1,9.78868086,130.1400
1628354858137000,1,47.21131914,130.1400
1628354875888000,1,55.00000000,130.0400
1628354882350000,1,1.92345585,129.7900
1628354885495000,0,3.62091642,129.9300
1628354899781000,0,7.69360000,130.0800
1628354899798000,0,0.00000969,130.0800
1628354931073000,1,37.00000000,130.0800
1628355005418000,0,7.68415000,130.2500
1628355076620000,1,43.95300000,130.2200
1628355076641000,1,1.07630000,130.2200
1628355076646000,1,1.54690000,130.2200
1628355076840000,1,4.42380000,130.2200
1628355093234000,0,7.68568000,130.1900
1628355168510000,1,3.45934380,130.2200
1628355197197000,0,7.67754000,130.3500
1628355197537000,0,3.53800000,130.3000
1628355197538000,0,0.00009252,130.3000
1628355210717000,1,0.42651144,130.2600
1628355228314000,0,5.73668795,130.3200
1628355232057000,1,0.33179300,130.2200
1628355283137000,0,7.53749000,130.5800
1628355283223000,0,0.00000721,130.5800
1628355284332000,0,7.53534000,130.6900
1628355293653000,1,5.00000000,130.6600
1628355360379000,1,0.78104811,130.5500
1628355424060000,1,6.39280000,130.6200
1628355424071000,1,1.01250000,130.6200
1628355447467000,0,7.19621362,130.7600
1628355447473000,0,0.00000001,130.7600
1628355447473000,0,7.19753896,130.8000
1628355447585000,0,5.00000000,130.8100
1628355447592000,1,0.51890472,130.8100
1628355447597000,0,6.67730891,130.8000
1628355447656000,0,43.00000000,130.8300
1628355447703000,0,46.77180000,130.8500
1628355447771000,1,7.19621363,130.8200
1628355447771000,1,7.19753896,130.8200
1628355447840000,0,0.48240394,130.8600
1628355447851000,0,46.28946337,130.8600
1628355449616000,0,18.00000000,131.0600
1628355450239000,0,0.15564493,131.0700
1628355461384000,1,38.00000000,130.9800
1628355465594000,1,7.53040000,130.9100
1628355465594000,1,1.04620000,130.9100
1628355465638000,1,47.42340000,130.9100
1628355477027000,0,2.75136000,131.0600
1628355485970000,1,0.55684032,131.0600
1628355487010000,1,0.31148577,131.0600
1628355554837000,1,5.00000000,131.2900
1628355554837000,1,4.09983583,131.2900
1628355570710000,1,0.16974572,131.2600
1628355577298000,1,53.00000000,131.2300
1628355638495000,1,0.80571814,130.6500
1628355641161000,0,0.79634724,130.8600
1628355727116000,0,2.47236000,130.9600
1628355736983000,0,2.47214000,131.0300
1628355770303000,0,2.36149000,131.1600
1628355772104000,0,50.00000000,131.1000
1628355791477000,1,0.23370601,130.9700
1628355802094000,1,5.62211271,130.8900
1628355838477000,0,2.30806000,131.1500
1628355838688000,0,5.76881000,131.1600
1628355842216000,0,0.00000623,131.1600
1628355842216000,0,0.62108996,131.2700
1628355852661000,1,0.29145725,131.0900
1628355879054000,0,7.61788000,131.3700
1628355898108000,1,0.38559807,131.2700
1628355918683000,0,7.61359000,131.4200
1628355927835000,1,6.45737000,131.2200
1628356005216000,1,0.18423983,131.0400
1628356078260000,1,10.57082873,130.9900
1628356244024000,1,1.24307578,130.5800
1628356349312000,0,0.62352876,130.5100
1628356505903000,1,0.36846800,130.4200
1628356518312000,1,5.19670000,130.1800
1628356562106000,0,0.72821200,129.9400
1628356565864000,0,0.37601643,129.9300
1628356594995000,1,48.00000000,129.5000
1628356595023000,0,3.62489006,129.6300
1628356595446000,0,3.62489006,129.6200
1628356614471000,0,0.73126500,129.4900
1628356615604000,0,0.37676968,129.4800
1628356634119000,1,0.79534724,129.2500
1628356641828000,0,7.72797000,129.4900
1628356643396000,0,7.72320000,129.5700
1628356711723000,1,0.99900000,129.6800
1628356826400000,0,7.72821000,129.5100
1628356826750000,0,0.00000383,129.5100
1628356826750000,0,19.31429617,129.5400
1628356827354000,0,19.31158000,129.5600
1628356827390000,0,0.00000077,129.5600
1628356827628000,0,7.72499016,129.6000
1628356827628000,0,7.72200984,129.6000
1628356858769000,0,6.72499000,129.7300
1628356858773000,0,0.00000280,129.7300
1628356875181000,0,6.45431000,129.9400
1628356875292000,0,0.00000326,129.9400
1628356875292000,0,6.45149674,129.9500
1628356875508000,0,0.00003574,129.9500
1628356882739000,1,0.50000000,129.8800
1628356911072000,1,12.51290000,129.9100
1628357045458000,0,7.71986000,129.6400
1628357045858000,0,0.00000166,129.6400
1628357045858000,0,7.71949834,129.6800
1628357074456000,1,1.71859500,129.4900
1628357182533000,0,0.30757353,129.5300
1628357206664000,0,3.62854046,129.3800
1628357240248000,1,1.01420823,129.2100
1628357437600000,0,3.63097314,129.2100
1628357488556000,1,0.25337000,129.0900
1628357509501000,1,1.25484291,129.1000
1628357514899000,0,7.74050000,129.2700
1628357515041000,1,7.74065612,129.2600
1628357565641000,0,3.63334654,129.0400
1628357570808000,0,7.76132000,128.9600
1628357660068000,0,41.55688000,129.0100
1628357661702000,1,6.57231315,128.9600
1628357661702000,1,4.62715982,128.9400
1628357782704000,1,0.28498638,128.6200
1628357786957000,1,1.48170000,128.6000
1628357787014000,1,1.12840000,128.6000
1628357802783000,1,45.00000000,128.5800
1628357823630000,1,1.10393697,128.5300
1628357840449000,1,11.00000000,128.7400
1628357852646000,0,19.40722000,128.9500
1628357860824000,0,0.00000677,128.9500
1628357862040000,0,0.00000377,129.0100
1628357899851000,0,7.74840000,129.1400
1628357998732000,0,4.67858000,129.1400
1628358022380000,1,1.15209179,128.9800
1628358120316000,1,0.24326326,129.2700
1628358248241000,1,0.44260000,129.4600
1628358256932000,1,6.54754000,129.4400
1628358291599000,0,0.86371591,129.4700
1628358303524000,1,17.06214977,129.3100
1628358358776000,1,0.20917800,129.5300
1628358471302000,1,0.28395232,129.7100
1628358481754000,1,1.14204798,129.8300
1628358525674000,1,38.00000000,129.8100
1628358658639000,1,39.54170000,129.2800
1628358658695000,1,2.19880000,129.2800
1628358658720000,1,1.93840000,129.2800
1628358658936000,1,1.90020000,129.2800
1628358658984000,1,4.42090000,129.2800
1628358875664000,1,3.81307000,129.1300
1628358903048000,1,18.00000000,129.3400
1628358903048000,1,18.13872258,129.3300
1628358966785000,0,4.84300000,129.2300
1628358966785000,0,0.00009386,129.2300
1628358976748000,0,0.39652280,129.3200
1628359039962000,1,0.31298200,129.2900
1628359068530000,1,0.42447595,129.2200
1628359080296000,1,0.64401953,129.1800
1628359277955000,1,0.76990310,128.9100
1628359408611000,1,5.49451000,128.6100
1628359440295000,1,3.96889032,128.5500
1628360015495000,1,1.98960200,129.1700
1628360085308000,1,0.68699400,128.6000
1628360520375000,1,0.26808311,129.2000
1628360598665000,0,0.25902055,129.3900
1628360613413000,1,0.31331000,129.1800
1628360672848000,1,6.08687069,129.2600
1628360699970000,1,0.78580230,129.3300
1628360774832000,0,0.25917101,129.5900
1628360890198000,1,6.54748840,129.4000
1628360892504000,0,6.81081000,129.4000
1628360898490000,0,0.00000896,129.4000
1628360935295000,0,0.25004384,129.5100
1628361128595000,0,0.38843367,129.7600
1628361159248000,1,0.49900000,129.6500
1628361169723000,1,0.20049694,129.6500
1628361207319000,0,0.26803052,129.7100
1628361209589000,1,0.30242226,129.5300
1628361240321000,1,0.99995550,129.5500
1628361253523000,1,0.99971021,129.5500
1628361260683000,1,0.26562404,129.6500
1628361372288000,1,6.53961137,129.5900
1628361372288000,1,8.56986303,129.5800
1628361532649000,0,7.05314992,129.6000
1628361783634000,0,0.76638681,129.8300
1628361895467000,1,0.30769588,129.6400
1628362082298000,1,23.65967846,129.7200
1628362082946000,1,18.00000000,129.7200
1628362082946000,1,6.53199258,129.7100
1628362082946000,1,2.50000000,129.7100
1628362082946000,1,13.96700742,129.7000
1628362154297000,0,4.13266610,130.0200
1628362177537000,1,0.17620000,129.8100
1628362269607000,1,2.99990000,129.7200
1628362289494000,0,0.89423474,129.9500
1628362289638000,0,1.31200055,129.9500
1628362338801000,0,7.00613531,130.0100
1628362366631000,0,0.37974001,130.0100
1628362378114000,1,6.52519000,129.8500
1628362378201000,1,43.00000000,129.8400
1628362383934000,0,7.70020000,129.9800
1628362384094000,0,0.00004487,129.9800
1628362384094000,0,19.24545513,130.0000
1628362384177000,0,0.00012244,130.0000
1628362384177000,0,29.06987756,130.0200
1628362474129000,1,0.19426341,130.0200
1628362566567000,1,4.00000000,130.0900
1628362613770000,1,0.78749100,129.9800
1628362639333000,1,1.74560064,129.8200
1628362677432000,0,7.70831000,129.8100
1628362677768000,0,7.70850000,129.8000
1628362677772000,0,0.00005495,129.8000
1628362995555000,1,6.51320000,130.1400
1628363130278000,1,0.31112700,130.0800
1628363143785000,1,0.46696877,130.0500
1628363384715000,0,7.67766108,130.3500
1628363384715000,0,7.63013405,130.3800
1628363508108000,0,0.46096625,130.4000
1628363581089000,0,0.22661043,130.3900
1628363626284000,0,13.78977229,130.4300
1628363673407000,1,6.49840000,130.4300
1628363685723000,1,0.00000188,130.4300
1628363723259000,0,1.54558710,130.3000
1628363999223000,1,6.51291000,130.1700
1628364055821000,1,0.23194123,130.1400
1628364066349000,1,3.82490518,130.1400
1628364118723000,1,2.18247000,130.1600
1628364122216000,0,0.38270278,130.3100
1628364157044000,0,5.00000000,130.2900
1628364284599000,1,0.33504100,130.2500
1628364309664000,1,0.20974325,130.1900
1628364340571000,1,0.99100000,130.2800
1628364493449000,0,0.36220110,130.4800
1628364562903000,1,0.69732483,130.1600
1628364600373000,1,1.54567336,130.1600
1628364636811000,0,5.67097900,130.4400
1628364673861000,0,1.25584429,130.4100
1628364703617000,1,1.24607600,130.1500
1628364719734000,1,6.51480000,130.1300
1628364801219000,1,0.31064100,129.9000
1628364960264000,1,0.97678581,129.8400
1628365084746000,1,0.62422300,129.9400
1628365298324000,1,6.53442000,129.7400
1628365320300000,1,3.77833753,129.5600
1628365337648000,1,6.55000000,129.4100
1628365337919000,1,0.00008900,129.4100
1628365338705000,1,19.62160000,129.3500
1628365343974000,1,0.46396751,129.2000
1628365348611000,0,4.00000000,129.3600
1628365379729000,1,4.56517925,129.2800
1628365379812000,1,0.44900000,129.2800
1628365390486000,1,0.30760000,129.2000
1628365409487000,0,19.18955000,129.4200
1628365409561000,0,18.00000000,129.4200
1628365409571000,0,17.81045000,129.4200
1628365440310000,1,6.54948313,129.4200
1628365440310000,1,5.72843130,129.4200
1628365470206000,1,0.46396752,129.4200
1628365524739000,1,6.55021000,129.4100
1628365539553000,1,0.40132580,129.1000
1628365544948000,1,0.40132580,129.0900
1628365551651000,1,0.40132580,129.1400
1628365559138000,1,0.40976920,129.0100
1628365734843000,1,1.23609000,129.3900
1628365799137000,1,4.58908363,129.5600
1628365800317000,1,1.58236059,129.5500
1628365837149000,0,3.64739929,129.5800
1628366005774000,1,0.89293814,129.7200
1628366055817000,0,7.70273601,129.9100
1628366055817000,0,5.00000000,129.9200
1628366055817000,0,19.51100000,129.9300
1628366055817000,0,34.09724699,129.9300
1628366058176000,1,0.18812394,129.8000
1628366129186000,0,12.51030000,130.0800
1628366129203000,0,1.84590000,130.0800
1628366129220000,0,20.64380000,130.0800
1628366136801000,0,0.19228743,130.1700
1628366173560000,0,29.00000000,130.3200
1628366188344000,1,1.59142131,130.2500
1628366238651000,1,2.14042900,130.2700
1628366242952000,1,0.31135000,130.2700
1628366243055000,1,1.18562300,130.2700
1628366254499000,0,7.65595028,130.3300
1628366255378000,0,7.67730000,130.3300
1628366259264000,1,0.67900000,130.2900
1628366273452000,1,0.58479758,130.3300
1628366280045000,1,0.17200000,130.3900
1628366280129000,1,0.44900000,130.3900
1628366304398000,1,1.13171849,130.5300
1628366333448000,0,7.66090000,130.6100
1628366375718000,0,1.29359199,130.9300
1628366440593000,0,44.00000000,130.4200
1628366440665000,0,5.00000000,130.4200
1628366460901000,0,10.00000000,131.0000
1628366463115000,1,18.00000000,130.8900
1628366463115000,1,6.47251547,130.8900
1628366463115000,1,18.00000000,130.8700
1628366463115000,1,7.63323817,130.8700
1628366463115000,1,6.49331636,130.8700
1628366501009000,1,36.68080000,130.9100
1628366501034000,1,5.31920000,130.9100
1628366602779000,1,6.47078000,131.0200
1628366602780000,1,0.00000719,131.0200
1628366615929000,1,6.47730000,130.8900
1628366618674000,1,0.00008653,130.8900
1628366618674000,1,6.47971347,130.8400
1628366618731000,1,0.00010627,130.8400
1628366662232000,1,6.48965000,130.6500
1628366732937000,1,1.13838204,130.5700
1628366741243000,0,17.19000000,130.9600
1628366779505000,1,7.64300000,130.7000
1628366806643000,1,1.55614171,130.8100
1628366848005000,1,0.24431211,130.7300
1628366868907000,1,6.48944793,130.6500
1628366868907000,1,3.52787129,130.6400
1628366889480000,1,0.19462040,130.6100
1628367003880000,1,6.49712184,130.5000
1628367003880000,1,7.82801816,130.5000
1628367122280000,0,4.50000000,130.4700
1628367122280000,0,46.50000000,130.4800
1628367166431000,0,44.00000000,130.5100
1628367206232000,0,48.00000000,130.4500
1628367349004000,0,55.00000000,130.4700
1628367382524000,0,0.34195226,130.7200
1628367386932000,0,0.36153610,130.7200
1628367459300000,0,22.00000000,130.7400
1628367459370000,0,26.00000000,130.7400
1628367507565000,0,1.11526319,130.9900
1628367561346000,0,36.00000000,131.0500
1628367656930000,0,0.36999763,131.1900
1628367668221000,0,0.72000000,131.0700
1628367723014000,1,0.27356100,131.0200
1628367913858000,0,35.00000000,131.1400
1628367915814000,0,27.00000000,131.2000
1628367916909000,1,0.19697022,131.1400
1628368098942000,0,0.30734497,131.1200
1628368181867000,1,10.51025000,131.1500
1628368186241000,1,0.00000543,131.1500
1628368236772000,0,0.25889968,130.9900
1628368284886000,0,18.00000000,130.9700
1628368284886000,0,1.04252557,130.9800
1628368313208000,1,1.87617660,130.7800
