timestamp ms,type,amount,price
1623715245214000,0,0.18460019,148.5600
1623715245245000,0,0.00376735,148.5600
1623715247135000,1,5.55000000,148.4800
1623715255762000,1,0.48900000,148.3400
1623715267112000,0,5.55000000,148.5200
1623715309482000,0,1.25825140,148.3600
1623715312433000,0,0.02567860,148.3600
1623715317481000,0,25.44138506,148.6200
1623715326232000,0,0.31066000,148.7500
1623715328622000,0,0.00634000,148.7500
1623715335315000,1,2.42281600,148.7400
1623715346443000,0,10.00000000,148.9900
1623715346443000,0,0.20000000,149.0000
1623715346443000,0,5.00000000,149.0000
1623715346443000,0,1.65600000,149.0000
1623715350201000,0,0.33712000,149.0000
1623715353584000,0,0.00688000,149.0000
1623715412978000,1,5.54000000,148.7200
1623715413058000,1,0.00418711,148.7200
1623715413958000,1,20.03300000,148.6400
1623715415472000,1,20.03300000,148.5000
1623715420310000,1,20.03300000,148.4100
1623715453696000,0,4.94000000,148.1600
1623715462502000,1,10.00000000,147.9600
1623715462502000,1,20.56600000,147.9500
1623715462502000,1,6.75703069,147.9300
1623715462502000,1,33.42260000,147.9200
1623715462502000,1,10.00000000,147.9200
1623715462502000,1,5.57238757,147.9100
1623715462502000,1,14.73272138,147.9000
1623715479624000,1,5.57630000,147.8600
1623715479861000,1,1.18190000,147.8700
1623715479919000,1,5.57869385,147.8700
1623715491763000,0,10.00000000,147.8800
1623715497219000,1,0.32191012,147.5900
1623715508561000,0,0.51136056,147.8800
1623715510525000,0,10.00000000,147.8800
1623715513129000,0,0.24791520,147.9500
1623715547168000,1,5.58000000,147.6500
1623715585054000,0,2.86615676,147.4400
1623715585663000,0,2.73319131,147.4400
1623715585663000,0,0.13296545,147.4400
1623715594099000,0,0.32062415,147.4000
1623715614450000,1,25.96890000,147.3700
1623715614521000,1,5.59306541,147.3500
1623715615017000,1,6.78000000,147.2800
1623715615122000,1,0.00462875,147.2800
1623715628019000,0,10.67280000,147.3500
1623715628256000,0,6.78693000,147.3900
1623715628432000,0,6.78693109,147.4000
1623715660024000,1,0.44206770,147.5100
1623715694010000,1,6.77000000,147.4700
1623715694083000,1,0.00754734,147.4700
1623715694083000,1,6.76995266,147.4700
1623715694085000,1,6.77000000,147.4700
1623715720185000,0,1.36368080,147.6800
1623715742502000,0,10.00000000,147.7400
1623715880773000,0,5.57000000,147.9700
1623716020856000,1,0.28200671,147.6800
1623716031241000,1,0.27559387,147.7200
1623716086459000,0,5.57000000,148.0500
1623716086548000,0,0.00671023,148.0500
1623716161682000,1,0.35692223,148.1800
1623716215861000,0,7.00000000,148.5000
1623716241834000,0,26.48000000,148.8900
1623716317145000,1,0.25000000,148.9100
1623716376639000,1,5.53229279,149.0400
1623716387992000,1,5.53250000,149.0600
1623716398630000,1,0.00004170,149.0600
1623716403232000,0,6.70000000,149.2100
1623716417754000,0,44.65000000,149.1900
1623716462453000,1,5.52820000,149.1900
1623716465874000,1,0.00002642,149.1900
1623716475859000,1,5.52810000,149.1800
1623716498283000,0,0.72000000,149.3000
1623716501776000,0,0.00274229,149.3000
1623716501776000,0,5.52725771,149.3800
1623716505944000,0,5.52676511,149.3900
1623716520269000,1,0.55461718,149.1600
1623716584277000,0,5.53000000,149.2900
1623716597309000,0,5.52752281,149.3700
1623716597309000,0,6.69900051,149.3700
1623716636659000,1,2.89067897,148.9800
1623716713964000,0,6.72241792,148.8300
1623716713964000,0,10.00000000,148.8400
1623716713964000,0,27.26732677,148.8500
1623716718830000,1,10.00000000,148.6800
1623716811096000,0,26.59947166,148.6800
1623716812764000,0,15.32930000,148.6800
1623716829996000,0,0.00006079,148.6800
1623716829996000,0,5.53993921,148.7900
1623716833686000,1,2.72996700,148.6400
1623716884579000,0,5.55382035,148.6800
1623717158952000,1,5.56585866,148.1400
1623717158952000,1,7.84061234,148.1400
1623717309413000,1,10.00000000,148.3200
1623717370550000,1,1.02840000,148.1900
1623717494024000,0,5.56000000,148.3500
1623717561022000,1,1.50000000,148.1000
1623717741979000,0,6.74027000,148.4400
1623717742004000,0,0.00000042,148.4400
1623717742014000,0,10.00000000,148.4600
1623717742014000,0,12.56326730,148.4700
1623717742030000,0,4.28721430,148.4700
1623717742030000,0,18.27605300,148.4900
1623717742031000,0,22.56326730,148.4900
1623717742157000,0,6.74017956,148.4600
1623717742157000,0,2.96497130,148.4900
1623717742632000,0,1.98000000,148.8200
1623717745121000,1,0.50537382,148.7700
1623717750254000,0,1.96000000,149.4400
1623717750254000,0,0.80674500,149.4400
1623717753096000,0,0.80674500,149.4900
1623717753096000,0,2.73885500,149.5000
1623717753109000,0,0.26114500,149.5000
1623717753109000,0,0.38460000,149.5000
1623717754034000,0,3.54550000,149.5400
1623717754034000,0,0.00003433,149.5400
1623717754284000,0,26.43870000,149.5800
1623717782523000,0,5.42912000,149.2700
1623717840272000,1,0.27529059,148.9600
1623717845069000,1,9.80000000,148.9700
1623717845098000,1,0.20000000,148.9700
1623717973057000,1,0.63355809,148.5900
1623718022869000,0,5.30000000,148.5300
1623718022945000,0,0.00295077,148.5300
1623718022945000,0,5.55968415,148.5400
1623718133599000,0,24.73000000,148.3800
1623718243960000,0,1.48642143,148.3800
1623718310657000,0,5.18423000,148.5500
1623718407495000,0,5.06811000,148.3600
1623718504630000,0,5.57254000,148.1400
1623718551110000,0,0.00000862,148.1400
1623718726609000,1,0.24529241,148.0400
1623718728716000,1,0.24189013,148.0400
1623718772035000,0,0.23633979,148.2000
1623718814149000,0,4.95261000,148.2100
1623718962437000,1,5.55000000,148.3700
1623719054497000,1,6.75018901,148.0800
1623719057543000,1,0.97000000,148.0000
1623719103072000,1,20.51000000,147.9200
1623719103072000,1,5.57517548,147.9100
1623719103072000,1,0.01430452,147.8900
1623719104598000,1,6.75529615,147.8600
1623719104598000,1,16.90077526,147.8600
1623719104598000,1,5.57696371,147.8600
1623719104598000,1,14.57596488,147.8300
1623719106353000,1,2.72307800,147.8400
1623719128418000,1,5.58330000,147.7100
1623719129987000,1,0.00007636,147.7100
1623719138865000,1,5.57910000,147.8500
1623719184042000,1,5.57740000,147.8700
1623719184820000,1,6.76170000,147.8200
1623719186420000,1,5.58150000,147.7700
1623719186429000,1,0.00001614,147.7700
1623719186429000,1,23.11098386,147.7500
1623719186468000,1,6.76178241,147.6900
1623719186468000,1,15.71356140,147.6900
1623719186472000,1,1.19133602,147.6900
1623719186472000,1,21.28400779,147.6800
1623719186473000,1,20.57554000,147.6800
1623719186473000,1,1.89980381,147.5800
1623719404652000,1,25.13770000,147.5600
1623719471806000,1,6.78000000,147.3200
1623719506710000,0,5.59908000,147.4600
1623719527192000,1,5.17900000,147.3400
1623719642331000,1,1.00000000,147.3600
1623719687847000,1,5.59872352,147.3300
1623719687847000,1,2.03869800,147.3100
1623719693258000,1,0.52720000,147.3300
1623719937049000,0,5.60030000,147.4300
1623719966140000,1,0.14005200,147.2400
1623720089547000,0,0.31468888,147.5000
1623720155093000,0,1.99482940,147.4900
1623720206910000,1,81.62000000,147.3700
1623720427658000,1,5.59000000,147.5200
1623720562399000,1,0.23720718,147.4400
1623720749270000,0,6.78485901,147.5700
1623720749270000,0,6.77514099,147.5700
1623720749438000,0,0.00617513,147.5700
1623720808157000,0,6.78204741,147.5100
1623720862833000,1,2.67605200,147.3300
1623720969392000,0,1.72000000,147.6800
1623721093192000,0,2.86000000,147.5300
1623721093320000,0,2.73791215,147.5300
1623721204489000,1,5.59490766,147.4500
1623721204489000,1,5.32540234,147.4500
1623721453918000,1,5.60431185,147.2300
1623721453918000,1,9.99568815,147.2300
1623721454025000,1,0.20872934,147.2300
1623721460288000,0,0.17912007,147.3200
1623721562507000,1,10.86900000,147.4400
1623721588349000,0,0.13587000,147.5900
1623721588349000,0,5.59672796,147.5900
1623721588507000,0,5.59672796,147.5900
1623721588507000,0,6.77855807,147.6100
1623721609780000,1,0.29363396,147.4700
1623721621781000,1,5.30124718,147.4700
1623721621781000,1,0.69175282,147.4500
1623721622422000,1,5.59000000,147.4700
1623721760245000,1,1.64928592,147.2300
1623721801339000,0,1.46500000,147.3300
1623721880662000,1,0.24000000,147.2100
1623722172473000,1,1.65108522,146.9700
1623722192866000,1,5.61287607,146.9600
1623722192866000,1,0.28612393,146.9300
1623722352452000,1,6.82000000,146.5200
1623722384091000,1,6.58307297,146.5900
1623722414500000,0,0.26725858,147.2200
1623722444468000,0,6.78264101,147.5000
1623722444468000,0,16.95813899,147.5000
1623722444546000,0,0.00000684,147.5000
1623722454215000,1,9.80000000,147.6000
1623722490259000,1,10.00000000,147.7500
1623722501840000,1,0.32893000,147.4500
1623722535462000,0,2.36902667,147.7400
1623722618698000,1,6.78131000,147.3600
1623722715858000,0,1.29221905,147.5200
1623722801302000,1,5.14000000,147.3000
1623722849755000,1,5.60380501,147.2100
1623722892917000,0,5.60943222,147.2000
1623722892917000,0,9.99999778,147.2000
1623722977007000,1,3.31000000,147.1600
1623722977177000,1,28.02487585,147.1400
1623723039906000,1,6.78711534,147.2500
1623723039906000,1,6.20288466,147.2500
1623723039927000,1,10.76579464,147.2500
1623723056386000,0,8.58874995,147.3400
1623723066891000,0,0.40766106,147.4000
1623723147699000,0,1.37463948,147.4800
1623723191193000,0,6.78139931,147.5300
1623723191193000,0,6.78388069,147.5300
1623723191244000,0,0.00001747,147.5300
1623723247914000,1,5.58000000,147.6100
1623723247916000,1,0.00725001,147.6100
1623723303550000,1,0.56672600,147.6700
1623723319635000,1,0.14162525,147.5500
1623723334597000,0,5.59288923,147.6600
1623723334883000,0,96.19596488,147.6700
1623723342521000,1,5.58839042,147.5800
1623723342521000,1,6.77160958,147.5800
1623723342560000,1,0.00098039,147.5800
1623723342560000,1,27.93716628,147.5700
1623723342560000,1,16.93371420,147.5500
1623723387990000,1,2.11881908,147.4700
1623723410807000,1,1.64425500,147.4900
1623723482880000,1,6.08417873,147.3700
1623723721805000,1,1.64385378,147.6700
1623723735092000,0,5.58650854,147.7800
1623723815858000,0,0.61624800,147.9500
1623723967518000,0,9.80000000,148.2500
1623723996665000,1,0.50767609,148.1400
1623723999734000,1,0.50767609,148.0600
1623724284781000,1,1.63534248,147.6000
1623724335530000,1,25.11130440,147.5300
1623724345476000,1,5.59338078,147.4400
1623724476070000,1,0.61149821,147.5900
1623724582433000,1,6.77180000,147.6000
1623724582660000,1,0.00005617,147.6000
1623724596879000,0,4.99923387,147.6300
1623724596984000,1,1.63661088,147.5300
1623724601358000,0,5.00000000,147.6300
1623724607474000,0,2.34446605,147.6700
1623724649551000,1,6.76269696,147.7800
1623724649551000,1,9.99730304,147.7800
1623724650036000,1,5.58000000,147.7600
1623724663488000,1,5.57924585,147.7900
1623724663488000,1,4.68075415,147.7900
1623724663521000,1,0.00686585,147.7900
1623724703318000,1,0.00015492,147.7600
1623724703318000,1,0.43984508,147.7400
1623724703319000,1,5.14109402,147.7400
1623724715277000,1,5.58000000,147.7300
1623724764536000,1,5.58000000,147.7500
1623724764716000,1,0.00187706,147.7500
1623724764855000,1,0.00114396,147.7300
1623724766962000,1,5.58000000,147.7500
1623724766970000,1,0.00187706,147.7500
1623724768854000,1,5.58000000,147.7500
1623724783657000,0,1.59836182,147.8600
1623724783804000,1,0.00187706,147.7500
1623724783804000,1,5.57812294,147.7500
1623724787504000,1,0.00375412,147.7500
1623724787504000,1,5.57624588,147.7500
1623724806866000,1,10.00000000,147.6200
1623724809506000,1,10.00000000,147.5500
1623724871424000,1,5.59177849,147.4600
1623724871570000,1,33.55000000,147.4100
1623724887356000,1,5.59000000,147.3900
1623724898071000,1,37.54139468,147.3300
1623724915253000,1,0.22346300,147.2300
1623724933533000,1,5.59000000,147.2400
1623724933563000,1,0.00983295,147.2400
1623724960351000,1,5.60000000,147.1500
1623724960433000,1,0.00405716,147.1500
1623724960518000,1,26.21814254,147.1300
1623724960518000,1,28.01943224,147.1100
1623724972522000,1,5.60000000,147.1200
1623724998167000,1,5.60000000,147.1900
1623724999894000,1,0.00110428,147.1900
1623724999894000,1,5.59889572,147.1900
1623725052557000,0,0.47408412,147.4000
1623725066850000,1,5.59000000,147.3500
1623725066932000,1,0.00554645,147.3500
1623725112372000,0,33.54660000,147.5700
1623725143048000,0,40.00000000,147.7000
1623725161592000,1,6.77103082,147.6000
1623725161592000,1,6.76896918,147.5900
1623725199436000,1,5.59000000,147.5100
1623725199528000,1,0.00048440,147.5100
1623725250260000,1,0.96018224,147.6000
1623725269741000,1,5.58440000,147.6600
1623725321996000,1,5.58000000,147.6000
1623725322198000,1,5.58813463,147.5600
1623725322198000,1,6.77387452,147.5500
1623725322198000,1,6.76799085,147.5300
1623725341783000,1,8.66365671,147.4900
1623725342196000,0,40.00000000,147.6100
1623725349503000,1,5.58000000,147.5400
1623725397998000,1,5.58000000,147.5100
1623725418765000,1,5.59000000,147.4700
1623725428495000,0,10.00000000,147.5600
1623725428513000,0,5.12000000,147.5600
1623725428585000,0,6.77000000,147.5700
1623725441635000,0,0.19719847,147.6200
1623725453440000,0,33.32870000,147.6200
1623725461593000,1,5.58000000,147.5600
1623725461595000,1,0.00779058,147.5600
1623725464865000,1,0.00141738,147.4700
1623725464865000,1,5.58858262,147.4600
1623725517740000,1,5.58610000,147.6100
1623725517741000,1,0.00003836,147.6100
1623725571071000,1,6.77185617,147.5900
1623725571071000,1,16.45647881,147.5900
1623725571073000,1,0.47404765,147.5900
1623725698681000,1,5.59000000,147.2300
1623725698891000,1,0.00936969,147.2300
1623725698891000,1,95.12000000,147.2200
1623725698891000,1,0.00220856,147.1900
1623725731059000,1,3.98994292,147.3700
1623725964165000,1,10.00000000,147.7600
1623725983756000,1,1.64241573,147.7100
1623726040044000,1,5.57363267,147.9000
1623726040044000,1,6.75867476,147.8800
1623726040044000,1,28.31571079,147.8700
1623726060914000,1,0.50817829,147.9600
1623726091341000,1,3.26403385,148.2700
1623726091876000,1,2.29518994,148.2700
1623726091876000,1,0.96884391,148.2600
1623726118944000,1,6.74145184,148.2500
1623726155430000,0,5.56138759,148.4300
1623726324919000,1,5.56340000,148.2200
1623726327901000,1,0.00001834,148.2200
1623726353033000,1,5.57000000,148.0500
1623726353210000,1,0.00008926,148.0500
1623726543157000,1,5.57156000,148.0100
1623726617980000,0,2.45000000,147.9300
1623726684208000,1,3.89221320,147.7200
1623726703866000,0,0.20141019,147.8700
1623726722367000,0,5.58000000,147.8900
1623726928456000,1,0.27721151,147.7700
1623726936202000,1,2.55191827,147.7500
1623726973007000,1,3.02000000,147.7500
1623727054401000,1,0.35120400,147.7600
1623727138247000,0,10.00000000,147.9900
1623727209750000,0,5.57369312,148.1000
1623727337022000,1,0.20713800,147.9500
1623727371090000,0,20.00000000,147.9500
1623727419699000,0,9.98741092,148.2000
1623727424197000,0,0.01258908,148.2000
1623727424197000,0,0.26033532,148.2100
1623727560758000,0,0.47860105,148.1700
1623727883101000,1,0.24432408,148.0500
1623727983738000,0,1.50725598,148.0100
1623727989028000,0,5.28000000,148.0100
1623727989743000,0,3.21274402,148.0100
1623728048968000,0,16.87481000,148.2100
1623728188454000,0,5.57817651,148.0100
1623728224341000,1,1.63071988,147.8400
1623728246530000,1,0.42000000,147.8400
1623728246584000,1,0.00928012,147.8400
1623728494128000,0,0.66894600,147.7800
1623728567445000,0,0.16882149,147.7300
1623728756980000,1,0.19201679,147.5500
1623728760303000,0,0.23069803,147.6500
1623728877852000,0,4.19423715,147.6600
1623729133465000,1,5.58000000,147.6500
1623729133626000,1,0.00392960,147.6500
1623729171456000,0,1.34355252,147.7400
1623729197999000,0,6.77130000,147.7500
1623729204038000,1,10.00000000,147.8300
1623729204038000,1,5.57662863,147.8200
1623729204038000,1,2.04000000,147.7900
1623729204038000,1,19.21300000,147.7800
1623729204038000,1,6.75730465,147.7800
1623729238938000,1,5.57000000,147.8000
1623729244072000,1,5.58022610,147.7500
1623729320003000,1,5.58000000,147.6600
1623729320187000,1,0.00279236,147.6600
1623729327578000,1,5.58000000,147.6000
1623729327609000,1,0.00476919,147.6000
1623729327756000,1,19.21000000,147.5700
1623729327774000,1,0.00300000,147.5700
1623729476678000,0,26.37000000,147.3500
1623729492202000,0,2.00000000,147.2000
1623729530055000,1,1.20000000,147.1400
1623729716407000,1,0.00409950,147.1200
1623729796432000,0,1.53275952,147.5900
1623729883198000,1,6.77057238,147.6200
1623729883409000,1,5.58000000,147.6100
1623729913368000,0,38.47130000,147.9400
1623729980287000,0,0.33725569,147.8700
1623730031939000,1,5.06000000,147.6800
1623730031942000,1,0.00602112,147.6800
1623730104737000,1,5.59000000,147.3800
1623730104773000,1,0.00381414,147.3800
1623730105074000,1,6.78223597,147.3400
1623730105074000,1,44.09044684,147.3300
1623730105074000,1,16.94731719,147.3300
1623730105164000,1,0.00893975,147.3300
1623730192297000,1,0.25913852,147.3000
1623730200781000,0,5.59863166,147.4500
1623730200781000,0,1.13325539,147.4500
1623730448834000,0,0.33641181,147.5800
1623730574785000,0,0.29430001,147.6400
1623730692538000,0,0.80744309,147.4600
1623730956455000,1,1.48411848,147.9000
1623730973518000,0,0.13443220,148.0300
1623731161251000,1,0.33000000,148.0100
1623731166657000,1,0.00447031,148.0100
1623731173556000,0,0.32775430,148.0400
1623731181522000,1,5.57484194,147.8700
1623731370391000,0,1.65491946,148.1100
1623731378846000,1,5.57000000,147.9800
1623731378918000,1,0.00158262,147.9800
1623731405649000,0,1.79493585,148.1000
1623731417833000,1,0.24436678,147.9500
1623731458261000,0,6.23783789,148.0800
1623731472721000,1,5.57000000,147.9300
1623731472746000,1,0.00272354,147.9300
1623731472888000,1,19.55800000,147.9000
1623731534858000,1,5.57353696,147.9100
1623731535014000,1,5.57353696,147.9100
1623731600264000,1,5.57000000,147.9800
1623731648228000,1,0.00109332,147.9800
1623731648228000,1,1.80569633,147.9700
1623731697885000,1,3.76000000,147.9700
1623731697996000,1,0.00592155,147.9700
1623731719482000,1,0.24412195,147.9200
1623731753321000,0,10.00000000,148.2600
1623731753321000,0,10.00000000,148.3000
1623731753321000,0,67.36409573,148.3100
1623731753321000,0,6.74436171,148.3200
1623731753321000,0,11.95662512,148.3200
1623731764826000,0,7.73360000,148.3600
1623731805747000,1,5.55913484,148.2900
1623731807441000,1,5.55913484,148.2900
1623731808559000,1,5.55000000,148.2900
1623731812572000,1,5.56000000,148.1900
1623731812674000,1,0.00265292,148.1900
1623731860331000,1,1.63762913,148.3400
1623731898432000,1,5.55000000,148.3100
1623731900725000,1,0.24355456,148.2700
1623731913511000,1,5.55000000,148.3700
1623731931242000,1,5.55000000,148.3600
1623731931320000,1,0.00671493,148.3600
1623731933315000,1,5.55000000,148.3600
1623731938517000,0,0.60622406,148.5200
1623731953007000,1,5.55000000,148.3700
1623731962518000,1,27.77000000,148.3900
1623731962638000,1,0.00577568,148.3700
1623731962638000,1,27.77383359,148.3600
1623731962638000,1,20.83500000,148.3300
1623731987050000,1,5.55552391,148.3900
1623731991981000,1,1.88110000,148.3900
1623731991988000,1,3.67442391,148.3900
1623732014834000,1,5.55000000,148.3900
1623732019343000,0,0.63824341,148.4700
1623732041162000,1,0.84445386,148.4400
1623732046504000,1,4.70964000,148.4400
1623732048408000,1,0.00552391,148.3900
1623732048408000,1,5.55447609,148.3900
1623732048532000,1,0.00125607,148.3900
1623732062819000,1,5.55000000,148.3900
1623732087675000,0,0.52023566,148.5100
1623732091648000,1,1.63462337,148.4800
1623732122802000,1,5.55000000,148.4600
1623732122873000,1,0.00311605,148.4600
1623732122873000,1,27.75843947,148.4500
1623732148190000,0,9.23000000,148.5900
1623732152512000,0,3.93204586,148.5900
1623732172118000,1,0.24343585,148.4600
1623732360299000,0,0.24229895,148.6200
1623732365721000,1,5.55000000,148.4900
1623732365814000,1,0.00316635,148.4900
1623732383125000,0,0.35688308,148.4800
1623732402380000,0,0.66847348,148.4700
1623732424647000,1,1.46764995,148.4700
1623732440669000,0,6.73183079,148.6200
1623732440669000,0,27.77000000,148.6300
1623732440669000,0,33.27930000,148.6400
1623732440669000,0,6.73065274,148.6400
1623732440669000,0,10.00000000,148.6400
1623732440669000,0,4.46276139,148.6500
1623732458548000,0,10.68550050,148.6200
1623732480586000,1,5.64483132,148.6900
1623732480592000,1,0.22898672,148.6900
1623732480825000,0,13.79430000,148.8200
1623732495955000,1,0.24325074,148.6600
1623732526523000,1,4.11455000,148.6800
1623732825732000,0,5.55000000,148.6500
1623732838283000,1,1.63078316,148.6000
1623732915784000,0,3.35507295,148.7300
1623733021853000,0,1.00376622,148.6900
1623733120765000,1,1.45254500,148.5800
1623733292265000,1,0.24311460,148.5800
1623733332964000,1,1.30000000,148.5800
1623733333064000,1,0.00434040,148.5800
1623733373936000,0,10.00000000,148.7400
1623733373936000,0,6.68217091,148.7500
1623733382717000,1,1.63241463,148.6100
1623733513334000,1,0.24313965,148.5400
1623733540534000,0,0.58731632,148.7200
1623733606675000,0,0.66793366,148.6900
1623733735091000,1,1.63284484,148.5000
1623733739129000,1,1.00000000,148.5000
1623733747814000,0,0.42021437,148.6700
1623733776407000,0,5.55000000,148.5300
1623733776433000,0,0.00916815,148.5300
1623733793553000,0,6.74249565,148.6600
1623733860879000,1,5.55000000,148.4400
1623733860910000,1,0.00646920,148.4400
1623733883470000,1,6.73000000,148.2800
1623733896704000,1,1.62165850,148.0700
1623733960522000,0,10.00000000,148.1700
1623733960522000,0,6.75137390,148.1800
1623733960522000,0,10.00000000,148.1900
1623733960630000,1,68.82093192,148.1900
1623734122609000,1,5.57000000,148.0000
1623734128693000,0,5.57462315,148.0900
1623734128693000,0,1.12545399,148.1300
1623734142075000,1,5.57000000,147.9700
1623734147640000,1,0.00267126,147.9700
1623734147640000,1,0.24134886,147.9200
1623734177824000,0,0.33034477,147.9300
1623734196842000,0,5.58140000,147.9100
1623734210318000,0,0.00004000,147.9100
1623734210318000,0,1.34875318,147.9100
1623734264159000,1,0.48402125,147.7700
1623734321540000,1,2.82913965,147.7800
1623734394438000,0,0.33575178,147.8100
1623734529799000,1,0.24499055,147.4900
1623734632358000,0,6.77727000,147.6200
1623734741405000,1,0.24482449,147.4600
1623734792383000,1,0.98200000,147.5000
1623734824066000,1,1.63200000,147.5600
1623734833307000,1,0.24494070,147.6400
1623734879032000,1,5.58000000,147.6300
1623734954925000,0,5.58553861,147.7700
1623734954925000,0,10.00000000,147.7700
1623735059145000,1,1.00000000,147.6700
1623735075165000,0,0.58756065,147.8000
1623735100053000,0,5.58098989,147.9100
1623735100053000,0,0.41901011,147.9400
1623735113192000,0,8.62121736,147.9400
1623735160783000,0,2.06709134,147.9400
1623735181433000,0,3.00307590,147.9800
1623735195589000,0,3.62467883,147.9000
1623735355294000,0,5.57094434,148.1800
1623735355294000,0,1.26502753,148.1800
1623735355398000,1,0.39096126,148.0300
1623735465994000,1,5.58002938,147.7600
1623735598655000,0,1.87493063,147.7200
1623735603622000,1,5.58854953,147.5400
1623735603622000,1,1.38956745,147.4800
1623735614246000,1,10.00000000,147.4600
1623735614246000,1,6.77901758,147.4400
1623735614246000,1,25.94140170,147.4400
1623735838818000,0,1.00671639,147.7700
1623735840844000,0,0.23508986,147.7700
1623735842878000,0,0.33581994,147.7700
1623735959505000,1,0.24462687,147.5600
1623736061617000,1,0.27301666,147.6100
1623736073674000,1,0.20477219,147.6200
1623736075696000,1,7.64675984,147.6200
1623736177759000,1,8.00000000,147.4200
1623736200386000,0,0.23466071,147.5000
1623736212752000,0,1.34601224,147.4600
1623736238921000,0,0.16457432,147.5000
1623736299191000,1,0.62144231,147.4300
1623736392426000,1,6.77277345,147.5900
1623736392426000,1,4.32073094,147.5800
1623736538766000,1,6.94046961,147.7900
1623736682069000,0,4.61554947,148.0100
1623736694189000,1,5.57540000,147.8800
1623736840982000,0,10.00000000,147.8500
1623736871843000,1,5.58780000,147.6100
1623736883587000,1,0.00000816,147.6100
1623737044633000,1,5.58443825,147.6600
1623737044633000,1,9.99999175,147.6600
1623737066079000,1,1.63755208,147.4600
1623737127972000,0,4.00000000,147.6700
1623737439459000,1,1.68416433,147.9300
1623737510510000,0,1.22944073,148.1600
1623737620808000,0,0.32969887,148.4800
1623737798646000,0,6.69844893,148.9300
1623737932082000,0,1.33745547,148.7900
1623737975622000,1,1.25400000,148.7900
1623738061213000,0,5.53480000,149.1200
1623738062069000,0,0.00005808,149.1200
1623738062723000,0,10.88310000,149.1600
1623738070620000,1,0.20280799,149.0600
1623738126397000,0,0.22221500,149.3300
1623738156159000,0,5.00000000,149.3400
1623738242711000,0,0.16017546,149.1000
1623738243924000,0,0.50000000,149.2000
1623738294019000,1,5.53100000,149.0900
1623738294877000,0,0.23123617,149.1700
1623738312562000,1,0.00004356,149.0900
1623738312562000,1,5.53165644,149.0700
1623738312704000,1,0.00007324,149.0700
1623738461046000,0,4.00000000,148.9300
1623738502766000,1,1.63548646,148.8100
1623738512766000,1,1.09705839,148.8100
1623738512766000,1,1.00000000,148.7900
1623738512766000,1,6.71925604,148.7100
1623738512766000,1,16.79900938,148.7100
1623738512766000,1,39.73184770,148.6700
1623738600375000,0,1.16495068,148.6900
1623738601394000,0,3.88422000,148.6200
1623738629143000,1,6.73400000,148.4000
1623738631529000,0,0.16525795,148.4600
1623738644652000,1,6.73660000,148.3100
1623738727452000,0,0.20071778,148.3100
1623738743222000,0,3.89730195,148.1900
1623738743222000,0,9.42560151,148.2100
1623738753640000,1,0.43410391,148.0900
1623738760001000,0,1.03795143,148.2500
1623738992490000,0,2.07198870,148.5200
1623739031247000,0,3.33327575,148.4600
1623739048830000,0,1.00000000,148.5000
1623739065009000,0,1.00257517,148.4800
1623739065285000,1,0.82163746,148.3400
1623739127646000,0,0.21556359,148.3400
1623739175871000,1,6.73840000,148.3200
1623739210815000,0,6.75155623,148.1800
1623739224167000,0,0.53569452,148.3800
1623739287479000,0,0.16535815,148.4100
1623739348090000,1,0.16723928,148.2500
1623739355276000,0,10.00000000,148.3600
1623739355276000,0,2.78083919,148.3600
1623739355276000,0,10.00000000,148.3800
1623739355276000,0,14.06236744,148.3800
1623739488662000,0,0.26655370,148.3700
1623739498055000,0,1.30907272,148.3700
1623739688637000,0,2.77802506,148.3700
1623739764815000,0,1.67125235,148.0400
1623739766839000,0,1.67125235,148.0400
1623739999390000,1,80.00000000,147.8100
1623740032702000,1,4.88030000,147.8100
1623740086739000,1,0.92645937,147.7600
1623740093565000,0,4.02711425,147.8900
1623740108838000,1,3.17057800,147.7300
1623740149566000,0,1.00000000,147.6400
1623740210894000,0,0.33597909,147.7700
1623740297068000,1,0.14134965,147.6700
1623740400361000,0,1.33946692,147.8800
1623740475101000,1,0.34428510,147.5600
1623740519104000,1,647.43000000,147.4200
1623740519209000,1,84.61246370,147.4200
1623740535844000,1,0.28253967,147.3200
1623740566210000,0,5.59946444,147.3200
1623740800680000,0,0.27267330,147.2200
1623740824405000,1,9.99900000,147.0600
1623740829392000,1,0.48000000,147.0600
1623740907786000,0,0.26965956,147.1700
1623740933456000,0,0.82428325,147.1700
1623741131996000,0,5.60142325,147.2200
1623741131996000,0,5.55979277,147.2300
1623741198482000,1,0.49630000,147.1500
1623741284658000,0,5.04480000,147.0800
1623741290060000,0,0.00004802,147.0800
1623741290060000,0,5.04315198,147.1200
1623741301573000,0,0.00013974,147.1200
1623741301573000,0,5.03986026,147.1700
1623741301788000,0,0.00205623,147.1700
1623741301788000,0,25.21335962,147.1800
1623741333196000,1,0.26166351,147.0000
1623741333302000,1,0.07833649,147.0000
1623741333302000,1,0.27000000,147.0000
1623741333302000,1,5.60284959,147.0000
1623741333302000,1,1.27481392,146.9700
1623741333403000,1,0.23700000,146.9700
1623741333647000,1,1.00000000,147.0000
1623741385786000,1,0.99999888,146.7900
1623741484064000,1,0.96115902,146.5800
1623741515887000,1,2.84615677,146.6700
1623741531781000,0,0.64218617,146.8100
1623741800039000,1,5.60693766,146.8800
1623741800039000,1,4.23792109,146.8700
1623741800045000,1,2.56628119,146.8700
1623741800045000,1,17.01140213,146.8700
1623741800045000,1,2.97662784,146.8600
1623741800523000,1,6.80420228,146.8400
1623741800523000,1,16.19579772,146.8400
1623741800731000,1,40.00000000,146.8300
1623741800740000,1,4.22971205,146.8300
1623741815315000,0,3.39504492,146.9200
1623741890503000,0,5.61057592,146.9100
1623742025825000,0,10.00000000,147.1500
1623742025825000,0,68.33166334,147.1700
1623742035822000,0,0.33760184,147.1500
1623742084794000,0,2.51561198,147.0900
1623742187272000,1,5.60953332,146.7800
1623742187272000,1,4.39046668,146.7600
1623742193566000,1,0.94800000,146.8000
1623742196185000,0,0.30405083,146.9500
1623742364538000,0,20.16084321,147.2900
1623742572266000,0,0.21561878,147.2500
1623742580770000,1,2.24200000,147.0900
1623742631385000,1,6.80299876,146.9000
1623742646854000,0,5.61000000,146.9000
1623742646860000,0,0.00192277,146.9000
1623742684934000,1,0.42729702,146.6800
1623742736826000,0,0.40546241,146.8600
1623742762696000,1,40.00000000,146.6400
1623742950716000,1,0.43000000,146.9400
1623742956860000,1,0.28950000,146.9800
1623742995634000,0,0.40478955,147.2200
1623743005976000,1,5.33230010,147.1700
1623743013368000,0,1.33614436,147.3200
1623743101597000,0,5.60519000,147.0200
1623743147164000,0,0.66997687,147.1800
1623743160305000,0,1.68164549,147.1800
1623743178126000,0,0.99886486,147.3200
1623743228562000,1,5.18869785,147.3600
1623743286894000,0,5.59194923,147.3800
1623743286894000,0,10.00000000,147.3800
1623743286894000,0,17.61567673,147.4200
1623743389909000,1,0.14088000,147.3000
1623743410229000,0,0.65560551,147.4600
1623743560244000,1,11.33170697,147.4000
1623743574977000,0,0.19281935,147.5100
1623743698089000,1,16.96661398,147.2600
1623743698089000,1,7.00000000,147.2500
1623743698089000,1,5.59214386,147.2500
1623743698089000,1,43.08421653,147.2200
1623743721831000,0,0.33171168,147.5500
1623743737899000,0,1.33514063,147.4700
1623743755655000,0,0.13484211,147.5800
1623743932380000,0,1.00000000,147.6900
1623744019333000,0,5.57659743,147.8200
1623744019333000,0,7.88492537,147.8400
1623744056419000,0,1.00974223,147.8100
1623744061319000,1,6.76892000,147.6600
1623744100175000,1,69.48040000,147.7200
1623744100411000,1,20.00000000,147.7200
1623744100481000,1,16.13102702,147.7200
1623744158482000,0,0.26672082,147.5200
1623744286221000,1,0.98905842,147.0900
1623744304432000,0,1.00000000,147.3000
1623744306623000,0,1.47924615,147.3400
1623744306749000,1,1.63375227,147.1800
1623744537537000,1,0.98267879,147.7300
1623744571619000,1,10.00000000,147.8300
1623744571619000,1,6.76086810,147.8200
1623744603033000,0,3.37543100,147.9100
1623744606244000,1,1.10288790,147.7900
1623744649578000,1,0.56397127,147.8900
1623744654414000,0,20.09100000,148.1300
1623744664906000,1,6.75182000,148.0300
1623744665061000,1,0.00000975,148.0300
1623744665061000,1,9.99999025,148.0000
1623744666796000,1,0.00000975,148.0000
1623744669073000,1,10.00000000,147.9400
1623744671103000,0,16.88045401,147.9800
1623744671287000,0,10.00000000,147.9900
1623744740000000,1,2.30073596,148.1200
1623744783261000,0,0.32981005,148.1900
1623744799005000,1,6.75110000,148.0600
1623744799023000,1,0.00000043,148.0600
1623744799186000,1,17.00000000,148.0400
1623744799243000,1,4.05450000,148.0400
1623744799280000,1,22.81766053,148.0400
1623744800974000,1,16.83791268,147.9600
1623744801057000,1,16.53308732,147.9600
1623744900982000,0,5.56824865,148.0400
1623744900982000,0,4.59667378,148.0400
1623744949139000,1,1.00000000,148.1600
1623744978445000,0,0.33471013,148.2900
1623744987235000,1,6.74436000,148.2000
1623745155283000,0,0.20641511,148.2800
1623745187155000,1,0.28349800,148.0900
1623745202539000,1,10.00000000,148.1200
1623745202539000,1,5.56090893,148.1100
1623745202539000,1,6.74645474,148.1000
1623745202539000,1,6.74609064,148.0900
1623745202539000,1,16.86701477,148.0800
1623745202539000,1,30.86754504,148.0700
1623745203921000,1,1.34765000,148.1200
1623745209288000,1,0.95769156,148.1200
1623745214427000,1,0.17308151,148.1400
1623745440318000,0,0.21603305,148.0600
1623745442006000,0,5.56901000,148.0200
1623745527819000,1,6.68680000,147.9100
1623745528322000,1,3.47400000,147.9100
1623745542744000,1,0.00004105,147.9100
1623745547327000,1,1.63786418,147.8000
1623745777981000,0,6.70415013,148.0900
1623745799268000,0,5.56804201,148.0700
1623745799268000,0,10.00000000,148.0700
1623745799268000,0,3.29584987,148.0900
1623745799268000,0,7.77263432,148.1100
1623745876560000,0,10.00000000,147.8500
1623745928795000,0,5.58485000,147.6100
1623745950561000,0,0.18758177,147.6000
1623745981688000,0,5.59089000,147.4700
1623745986110000,0,10.00000000,147.6200
1623745986110000,0,5.14528444,147.6300
1623746071495000,1,3.15000000,147.3900
1623746082105000,1,0.36923409,147.3700
1623746172985000,0,3.26625287,147.3900
1623746203743000,0,0.53537888,147.3000
1623746234520000,0,0.27320985,147.0200
1623746347819000,1,3.62467883,146.8600
1623746407055000,1,0.14600000,146.7900
1623746525740000,1,3.49570400,146.8000
1623746573654000,0,0.30536207,146.7400
1623746830308000,1,0.20000000,146.5900
1623746952243000,0,6.84612000,146.1300
1623746952396000,1,5.00000000,146.0100
1623746977515000,0,0.23887137,146.3300
1623747025837000,0,5.64772290,146.1200
1623747025837000,0,9.99999710,146.1200
1623747052311000,1,8.10220000,145.8100
1623747095446000,0,2.00000000,145.8900
1623747101644000,1,94.15370199,145.7900
1623747101644000,1,25.84629801,145.7700
1623747240276000,0,0.31322335,145.8200
1623747243454000,0,0.16878678,145.8200
1623747257939000,0,0.33774517,145.7900
1623747284650000,1,0.40000000,145.7300
1623747295035000,1,0.26800000,145.7800
1623747295149000,1,1.59854614,145.7800
1623747365691000,0,0.42438240,146.0300
1623747499261000,0,0.16874072,145.6500
1623747513481000,0,4.53078000,145.6700
1623747513492000,0,0.00000345,145.6700
1623747522852000,0,0.55754458,145.8000
1623747592902000,1,0.55754458,145.5700
1623747637603000,1,3.98961000,145.6000
1623747665389000,1,1.62205060,145.6100
1623747683462000,0,10.00000000,145.7500
1623747750757000,1,5.00000000,145.7300
1623747822387000,0,0.34164263,145.6200
1623747903598000,1,6.88127056,145.1900
1623747903598000,1,15.14229944,145.1900
1623747910039000,0,5.68610000,145.2100
1623747911987000,0,0.00005846,145.2100
1623747911987000,0,5.68614154,145.2100
1623747913272000,0,0.00001692,145.2100
1623747913272000,0,5.68615846,145.2100
1623747923787000,0,5.68610000,145.2100
1623747928287000,0,0.00005846,145.2100
1623747935500000,0,5.68480000,145.2300
1623747937115000,0,0.00000899,145.2300
1623747943757000,0,5.68530000,145.2200
1623747948953000,0,5.68504000,145.1900
1623747948992000,0,0.00000456,145.1900
1623747950638000,0,5.68500000,145.1900
1623747950763000,0,0.00004456,145.1900
1623747953272000,0,5.68504000,145.1900
1623747954126000,0,0.00000456,145.1900
1623747954126000,0,5.68503544,145.1900
1623747954158000,0,0.00000912,145.1900
1623747958976000,1,4.91344111,145.0200
1623747964671000,0,5.68794000,145.1400
1623747964748000,0,0.00000106,145.1400
1623747982146000,0,5.68896000,145.1200
1623748028075000,0,0.00000032,145.1200
1623748028075000,0,6.89303390,145.1400
1623748028075000,0,17.23188578,145.1400
1623748078363000,0,0.16607925,145.1200
1623748108072000,1,0.54976454,145.1600
1623748145311000,0,32.99530000,145.2500
1623748145621000,0,17.00470000,145.2500
1623748165962000,1,3.35657943,145.2600
1623748200368000,1,1.24877785,145.1100
1623748298948000,1,0.29000000,145.6600
1623748302765000,1,0.51605268,145.7000
1623748303230000,1,0.51605268,145.7000
1623748374654000,1,1.79221539,145.5600
1623748395151000,1,0.22191257,145.2900
1623748444195000,0,6.87030243,145.6500
1623748444195000,0,17.17547757,145.6500
1623748476329000,0,5.96552963,145.7700
1623748540046000,1,0.45530000,145.6700
1623748543077000,0,0.16885591,145.8900
1623748557714000,1,0.51574750,145.7700
1623748593965000,1,0.51554189,145.8400
1623748623397000,0,17.11000000,146.1000
1623748628487000,0,10.00000000,146.0700
1623748757753000,1,0.50000000,146.0000
1623748823827000,0,0.54720339,146.0700
1623748828173000,1,13.50031422,145.9000
1623748835530000,1,2.00000000,145.9300
1623748858693000,0,4.32722976,146.0800
1623748869096000,0,2.86991135,146.0200
1623748952098000,1,0.53342560,145.9000
1623749083420000,0,17.11674974,146.1200
1623749083420000,0,6.84675026,146.1200
1623749163094000,1,10.00000000,146.5900
1623749208651000,0,1.33200000,146.7800
1623749213215000,0,1.98651027,146.7800
1623749263838000,0,5.62000000,146.7600
1623749282916000,1,10.00000000,146.8100
1623749283365000,1,5.99300000,146.7700
1623749284527000,1,0.16773112,146.6600
1623749300657000,1,0.35198600,146.7100
1623749344794000,1,0.16777718,146.5900
1623749449813000,0,80.00000000,146.8300
1623749569910000,1,10.00000000,146.4100
1623749569910000,1,1.25320000,146.4000
1623749569910000,1,0.43856447,146.3800
1623749595810000,0,0.85105802,146.5000
1623749609685000,0,0.82269352,146.4300
1623749665750000,1,0.43281569,146.3200
1623749763578000,1,5.99300000,145.9800
1623749798287000,1,1.78648248,146.0600
1623749826826000,1,6.84040000,146.1200
1623749829283000,0,1.15508710,146.2100
1623749920170000,1,0.34684864,146.1200
1623749961874000,0,0.16853378,146.2000
1623750000327000,1,0.21534745,146.2400
1623750121888000,1,0.43000000,146.0400
1623750123410000,1,0.16784631,145.9600
1623750244029000,1,0.58958332,145.9700
1623750307876000,1,0.25290000,146.0300
1623750371805000,1,24.00452607,145.6600
1623750423688000,0,0.16853378,145.6000
1623750455776000,1,1.14611850,145.4300
1623750483854000,1,4.67945486,145.5200
1623750524661000,1,6.86790000,145.4900
1623750708315000,0,4.34245705,145.6400
1623750718719000,1,1.79138177,145.4300
1623750810939000,0,0.55995381,145.9400
1623750831674000,1,3.20571600,145.7800
1623750845328000,0,0.64177340,145.9000
1623750953502000,1,0.57914615,145.9300
1623750964196000,1,7.74544580,145.8400
1623750964930000,1,10.00000000,145.8500
1623750964930000,1,6.85382169,145.8200
1623750964930000,1,10.00000000,145.8200
1623750964930000,1,5.65535225,145.8000
1623750964930000,1,17.13382933,145.8000
1623750964930000,1,0.45999673,145.7900
1623750979465000,0,9.65106412,146.1300
1623750990896000,1,0.50000000,146.0100
1623751005871000,1,5.61036000,146.0000
1623751048246000,0,0.16786889,146.3200
1623751079114000,1,0.51426572,146.1900
1623751079585000,1,0.51426572,146.1900
1623751124023000,0,1.58828110,146.3500
1623751144005000,1,5.99300000,146.1200
1623751151736000,0,0.33638894,146.2700
1623751202490000,1,4.65488945,146.1600
1623751203972000,1,5.99300000,146.1300
1623751217336000,1,1.50899700,146.2200
1623751225523000,1,0.51406128,146.2600
1623751234349000,0,0.16833115,146.4800
1623751246055000,0,0.38469723,146.4900
1623751268095000,1,0.51327324,146.4700
1623751287593000,1,0.51317143,146.5200
1623751329356000,1,6.81867000,146.5700
1623751336654000,0,1.38804748,146.5800
1623751344451000,0,0.19862393,146.5500
1623751401416000,0,8.00944165,146.4500
1623751406655000,1,3.35446048,146.3100
1623751406771000,1,0.99100000,146.3000
1623751424852000,0,0.96824638,146.4400
1623751467761000,0,5.64397776,146.3100
1623751467761000,0,1.15655059,146.3400
1623751478097000,1,1.78245701,146.1300
1623751497632000,1,6.83854202,146.1400
1623751497632000,1,17.09715798,146.1400
1623751569459000,1,1.66121450,146.1000
1623751640327000,1,1.63100000,145.9200
1623751640459000,1,6.84000000,145.9000
1623751803185000,0,10.00000000,145.8200
1623751803185000,0,9.35257942,145.8400
1623751935380000,1,0.49600000,145.8600
1623751943003000,1,0.67786112,145.8800
1623751984258000,1,0.16752418,145.9200
1623751994827000,0,0.67432825,145.9900
1623752065297000,0,0.16804129,146.0600
1623752219935000,0,5.66335291,145.7400
1623752219935000,0,10.00000000,145.7400
1623752219935000,0,17.72400000,145.7800
1623752219935000,0,28.31676453,145.7900
1623752347926000,1,0.35988740,145.7200
1623752403962000,1,0.15947123,145.7300
1623752451318000,0,0.19490960,145.2900
1623752455114000,1,4.56403800,145.1600
1623752554122000,0,10.98121904,145.3600
1623752925057000,1,1.65973468,145.5100
1623752942725000,0,0.15580000,145.6600
1623753003657000,1,0.16732155,145.7500
1623753036925000,1,0.51522667,145.9200
1623753175118000,1,5.74069000,145.6800
1623753258267000,0,5.67124556,145.5600
1623753258267000,0,5.36409680,145.5900
1623753312768000,0,1.07540117,145.7500
1623753320914000,0,0.81264815,145.9100
1623753393133000,0,0.19531613,145.8500
1623753409200000,1,0.83816668,145.7400
1623753412001000,0,1.11139035,145.8900
1623753494467000,0,0.34040380,145.7000
1623753519799000,0,5.32000000,145.7000
1623753519822000,0,0.00474598,145.7000
1623753543918000,0,2.00000000,145.8500
1623753651948000,0,5.66602000,145.6800
1623753675864000,1,0.34620000,145.5400
1623753696258000,1,1.00000000,145.6100
1623753707472000,0,0.69976488,145.7300
1623753785851000,0,5.66847135,145.6000
1623753785851000,0,2.85263771,145.6600
1623753838949000,0,0.32530977,145.7500
1623753866898000,1,0.54443171,145.7300
1623753990653000,0,10.00000000,145.9300
1623753990653000,0,5.65768639,145.9500
1623753990653000,0,10.00000000,145.9500
1623753990653000,0,6.83070314,145.9700
1623754001221000,0,5.65568829,146.0100
1623754001221000,0,3.99450319,146.0100
1623754162297000,1,8.16760000,145.7800
1623754173845000,0,0.33262772,145.8000
1623754215921000,0,0.99788316,145.7100
1623754281324000,1,10.00000000,145.7500
1623754281324000,1,6.36377841,145.7400
1623754283699000,1,0.54698730,145.7600
1623754283801000,1,2.50100000,145.7600
1623754283899000,1,3.41147188,145.7600
1623754284006000,1,0.39334577,145.7600
1623754326519000,0,3.58147696,145.7600
1623754329259000,1,2.00172046,145.6100
1623754329259000,1,7.99827954,145.6100
1623754332695000,0,5.67710000,145.5100
1623754334775000,1,1.65630299,145.4000
1623754383416000,0,5.68024000,145.3700
1623754383589000,0,0.00000959,145.3700
1623754400473000,0,0.00006815,145.5100
1623754400473000,0,0.16867257,145.5100
1623754506721000,1,1.30114856,145.3400
1623754568894000,0,5.67000000,145.5700
1623754569793000,0,0.00385709,145.5700
1623754569793000,0,22.69614291,145.6000
1623754569831000,0,4.99000000,145.6000
1623754569833000,0,0.68562288,145.6000
1623754571532000,0,5.66980000,145.6700
1623754586157000,0,5.66000000,145.7800
1623754606954000,0,3.87830000,145.7300
1623754607046000,0,1.78860000,145.7300
1623754607047000,0,0.00003192,145.7300
1623754607349000,0,2.32000000,145.7700
1623754607359000,0,1.77000000,145.7700
1623754654423000,0,5.67604000,145.5000
1623754690812000,1,0.72086927,145.2700
1623754698279000,1,1.66145449,145.2500
1623754729454000,1,5.33854551,145.2500
1623754741458000,0,0.34000000,145.2500
1623754741494000,0,0.00461382,145.2500
1623754754740000,0,5.67953000,145.3800
1623754788606000,0,5.68450000,145.2600
1623754817334000,0,0.00000063,145.2600
1623754817334000,0,5.67999937,145.2800
1623754823460000,0,0.00225031,145.2800
1623754823460000,0,5.67774969,145.2800
1623754824824000,0,0.00449999,145.2800
1623754824824000,0,0.42073129,145.2800
1623754825516000,0,5.26151839,145.2800
1623754825516000,0,28.40848161,145.3000
1623754851362000,0,0.00779896,145.3000
1623754861327000,0,0.00000046,145.3800
1623754863149000,0,0.00000515,145.5000
1623754896590000,0,5.67068064,145.6200
1623754928226000,0,5.67000000,145.6100
1623755000710000,0,4.05349613,145.7800
1623755148249000,0,5.66644192,145.7100
1623755159229000,0,5.66000000,145.8200
1623755160339000,1,0.44302920,145.7200
1623755165248000,1,2.92900000,145.7400
1623755260475000,0,5.65000000,145.9100
1623755260531000,0,0.00952114,145.9100
1623755265909000,0,5.65760000,145.9700
1623755266014000,0,0.00005650,145.9700
1623755433442000,0,3.61040000,146.1600
1623755433444000,0,2.03940957,146.1600
1623755473000000,0,5.64000000,146.3900
1623755501666000,0,1.92413225,146.3500
1623755522564000,1,3.83760755,146.2000
1623755526406000,0,4.73416800,146.3000
1623755554610000,1,0.51405075,146.2600
1623755555138000,1,0.51405075,146.2600
1623755571092000,0,5.64000000,146.4200
1623755571111000,0,0.00063843,146.4200
1623755572861000,0,2.51913538,146.4700
1623755572861000,0,5.63638489,146.5200
1623755572861000,0,0.89068675,146.5200
1623755637703000,0,0.66781798,146.5000
1623755645543000,0,4.42613443,146.5000
1623755783968000,0,1.67518912,146.3900
1623755894202000,0,5.65362000,146.0700
1623755933555000,0,0.16805668,146.0500
1623755962861000,0,5.65000000,146.0900
1623756073971000,0,5.65000000,146.1000
1623756074085000,0,0.00395843,146.1000
1623756085493000,0,0.96000000,146.1500
1623756085644000,0,0.50000000,146.1500
1623756241027000,0,5.65730000,146.0000
1623756241051000,0,0.00000942,146.0000
1623756323637000,0,5.65000000,145.9200
1623756323753000,0,0.00976442,145.9200
1623756330534000,0,5.65659116,146.0000
1623756330698000,0,5.65659116,146.0000
1623756333381000,0,5.65000000,146.0000
1623756338351000,0,0.00659116,146.0000
1623756338351000,0,9.99340884,146.0000
1623756365839000,0,0.16848786,146.0000
1623756367953000,0,10.00000000,145.9900
1623756369110000,0,5.65000000,145.9600
1623756377130000,0,1.67941838,146.0400
1623756377130000,0,5.65679313,146.0500
1623756438763000,0,5.66007490,145.9600
1623756446601000,0,5.65000000,146.0200
1623756447985000,0,0.00770757,146.0200
1623756453323000,0,2.64000000,146.0200
1623756485615000,1,0.20000000,145.8100
1623756514790000,0,5.66368000,145.8600
1623756515378000,0,0.00000936,145.8600
1623756515378000,0,27.75207765,145.8800
1623756526132000,0,5.66000000,145.8600
1623756528506000,0,0.00368936,145.8600
1623756528506000,0,5.65631064,145.8600
1623756546514000,1,1.65925899,145.7000
1623756550903000,0,5.55235979,145.8000
1623756556847000,0,0.11331347,145.8000
1623756556847000,0,0.22137229,145.8400
1623756560839000,0,5.66000000,145.8000
1623756563200000,0,0.00567326,145.8000
1623756563200000,0,28.10432674,145.8400
1623756570058000,0,5.55235979,145.8000
1623756587493000,1,2.24974713,145.6800
1623756594761000,0,0.11331347,145.8000
1623756594761000,0,9.79773373,145.8000
1623756597585000,0,5.66000000,145.8000
1623756607789000,0,0.00567326,145.8000
1623756618123000,0,0.00352498,145.8400
1623756619316000,0,194.00000000,145.8300
1623756619351000,0,19.53194009,145.8300
1623756712046000,0,5.00249588,145.6300
1623756713648000,0,0.10209175,145.6300
1623756713648000,0,1.89790825,145.6300
1623756739157000,0,0.33775178,145.5400
1623756747104000,0,4.77000000,145.5400
1623756749196000,0,0.00024214,145.5400
1623756750827000,0,2.30621095,145.7100
1623756754400000,0,5.10000000,145.7700
1623756756625000,0,0.00073475,145.7700
1623756756625000,0,10.00000000,145.7700
1623756756625000,0,5.09926525,145.7700
1623756758696000,0,0.00146950,145.7700
1623756758696000,0,5.09853050,145.7700
1623756760729000,0,0.00220425,145.7700
1623756760729000,0,5.09779575,145.8400
1623756769553000,0,0.00125591,145.8400
1623756769553000,0,5.09874409,145.8400
1623756771094000,1,0.85800000,145.6900
1623756781479000,1,0.15814070,145.6500
1623756781590000,1,0.49500000,145.6500
1623756817486000,0,5.67000000,145.5900
1623756898715000,0,5.68374000,145.3300
1623756903740000,1,0.16716472,145.2100
1623756929454000,1,18.24700000,145.0400
1623756943568000,1,3.89900000,144.9400
1623756960279000,1,1.68327739,145.1400
1623756984784000,1,3.00000000,145.1300
1623756991961000,0,0.69979436,145.4000
1623756991980000,0,4.24715872,145.4000
1623756992063000,0,1.93337057,145.4000
1623756993213000,0,0.00395141,145.5900
1623756995850000,0,10.00000000,145.7100
1623757041157000,0,1.00000000,145.4300
1623757055310000,0,5.67000000,145.5400
1623757064851000,1,6.87086000,145.4700
1623757065336000,1,0.61133233,145.3700
1623757065437000,1,1.79792121,145.3600
1623757070473000,0,5.67800000,145.4900
1623757079013000,0,1.41940000,145.4200
1623757080297000,1,0.26007729,145.4100
1623757086509000,0,0.00000580,145.4200
1623757086509000,0,0.00008623,145.4900
1623757086509000,0,5.67800797,145.4900
1623757086633000,0,0.00007826,145.4900
1623757088034000,0,2.29000000,145.5600
1623757088123000,0,25.54660000,145.5600
1623757153850000,0,5.68000000,145.4200
1623757198808000,1,1.41956351,145.2700
1623757205547000,0,5.68562494,145.3100
1623757205547000,0,28.42437506,145.3300
1623757215118000,1,4.73562925,145.2400
1623757262064000,1,5.69593736,145.1200
1623757263026000,1,4.89187223,145.0800
1623757274620000,1,0.24172627,145.0700
1623757318894000,1,1.41950138,145.2200
1623757337126000,1,0.16704708,145.1200
1623757338155000,0,0.33100456,145.2700
1623757439152000,1,1.42152398,145.1400
1623757461146000,0,10.00000000,145.3000
1623757462976000,1,1.39974743,145.2300
1623757469985000,0,10.00000000,145.3400
1623757469985000,0,17.20746465,145.3500
1623757469985000,0,5.02347661,145.3700
1623757501136000,0,5.09337584,145.5200
1623757503089000,0,7.06840000,145.5200
1623757504546000,0,0.00007236,145.5200
1623757524095000,0,40.00000000,145.7600
1623757548065000,1,1.00000000,145.7000
1623757552044000,1,0.14427243,145.6900
1623757559232000,1,1.42158000,145.6900
1623757606233000,1,1.92440439,145.6500
1623757612453000,1,0.14236267,145.6400
1623757623474000,1,10.00000000,145.6400
1623757624139000,1,0.16747826,145.6200
1623757642511000,1,10.00000000,145.5900
1623757710793000,0,1.41000000,145.4400
1623757724615000,1,0.39758631,145.3400
1623757729308000,0,0.00659111,145.4400
1623757729308000,0,5.67340889,145.4600
1623757733398000,0,0.00379431,145.4600
1623757733398000,0,5.67620569,145.4600
1623757797674000,0,5.68000000,145.2300
1623757807170000,1,2.02000000,145.1500
1623757825393000,1,1.79592767,145.1100
1623757862376000,1,6.87181000,145.4500
1623757871017000,0,0.00099751,145.4600
1623757871017000,0,5.56191837,145.5400
1623757871038000,0,0.11352890,145.5400
1623757872664000,0,1.56000000,145.5400
1623757876908000,0,0.36000000,145.5800
1623757877126000,0,0.42980772,145.5800
1623757878081000,0,0.42981504,145.5800
1623757880971000,0,0.82000000,145.5800
1623757881052000,0,0.00037724,145.5800
1623757925315000,1,6.86800000,145.5300
1623757935327000,1,6.86916979,145.4700
1623757935327000,1,17.17253021,145.4700
1623757962510000,0,5.67000000,145.4900
1623757995084000,0,1.41000000,145.5300
1623757995668000,0,0.00932553,145.5300
1623758003803000,0,0.16942185,145.6400
1623758025853000,1,1.79571240,145.4100
1623758034887000,0,5.67000000,145.5000
1623758039536000,1,1.41972854,145.4300
1623758076608000,1,0.50772796,145.4200
1623758090222000,0,5.56188393,145.5500
1623758145200000,0,1.18000000,145.7600
1623758153195000,0,0.74000000,145.7600
1623758159660000,1,1.41707289,145.6700
1623758193999000,0,0.93000000,145.7000
1623758210684000,0,10.00000000,145.8200
1623758210684000,0,24.00000000,145.8300
1623758296467000,0,1.96000000,145.9200
1623758319278000,0,0.41919809,145.9500
1623758388545000,1,2.30669423,145.6700
1623758450423000,1,1.04400160,145.6000
1623758451804000,0,9.80000000,145.7700
1623758465884000,0,0.14212800,145.8200
1623758465884000,0,5.65787200,145.9000
1623758486750000,1,0.51500376,146.0200
1623758487215000,1,0.51500376,146.0200
1623758509389000,1,4.88900000,145.9600
1623758519886000,1,0.94208000,145.9500
1623758519991000,1,0.60500000,145.9500
1623758520110000,1,2.39524530,145.9600
1623758520202000,1,0.33476763,145.9600
1623758550901000,1,3.33534516,146.1700
1623758551626000,1,3.33534516,146.1700
1623758553970000,0,34.23312276,146.3500
1623758615873000,1,2.84327932,146.5800
1623758743177000,1,1.65028676,146.7100
1623758743216000,1,5.16216640,146.7100
1623758743284000,1,0.28630736,146.7000
1623758773876000,1,0.33653345,146.5300
1623758900746000,0,0.16768149,146.5300
1623758912662000,1,6.82750000,146.3900
1623758914479000,1,6.82810000,146.3700
1623758973733000,0,0.22792642,146.5400
1623758977351000,1,0.15007000,146.3800
1623758987826000,1,1.66224510,146.3800
1623758987925000,1,0.13671474,146.3800
1623759000294000,0,0.19350490,146.5300
1623759003915000,1,6.82612495,146.4100
1623759003915000,1,17.06599000,146.4000
1623759003915000,1,5.63819257,146.3900
1623759003915000,1,6.58265237,146.3800
1623759046132000,0,5.63857904,146.5600
1623759060721000,1,1.65068109,146.4900
1623759071303000,1,1.65101932,146.4800
1623759142719000,1,0.56123836,146.4500
1623759286195000,0,2.15499235,146.6700
1623759305887000,1,0.45927150,146.6600
1623759351403000,0,1.00933178,146.8100
1623759429146000,0,6.47777000,146.8000
1623759453268000,1,1.64824611,146.7600
1623759463748000,1,1.64824611,146.7000
1623759526035000,0,0.00000429,146.8000
1623759527033000,1,0.22968014,146.8500
1623759532126000,1,6.80318389,146.8800
1623759532126000,1,17.00931875,146.8800
1623759565086000,0,0.13633214,146.8600
1623759641285000,0,0.67626178,146.7400
1623759686345000,1,0.48452146,146.6100
1623759754482000,0,0.37500000,146.6600
1623759783620000,1,0.16841225,146.5400
1623759844856000,1,2.31100000,146.4200
1623759863336000,0,10.00000000,146.5600
1623759863336000,0,5.63000000,146.5700
1623759968040000,1,0.55060566,146.2200
1623760030001000,0,5.64600000,146.3300
1623760246437000,0,0.27237886,146.1200
1623760257904000,0,3.39635035,146.1200
1623760290699000,1,0.35871681,145.9900
1623760322835000,1,6.84622020,146.0100
1623760322835000,1,5.65407196,146.0000
1623760322835000,1,4.36848264,145.9900
1623760354611000,0,3.39588554,146.2500
1623760383805000,1,0.16667189,146.0400
1623760444152000,0,0.16851082,146.1500
1623760463087000,0,5.65000000,146.0800
1623760647091000,1,1.53896849,146.0100
1623760647186000,1,1.85000000,146.0100
1623760657399000,1,6.84220000,146.0600
1623760657543000,1,0.00008532,146.0600
1623760697025000,0,0.23603314,146.2200
1623760713484000,1,17.11247694,146.0300
1623760713484000,1,6.84368306,146.0300
1623760729330000,1,0.14198000,145.9100
1623760729962000,1,0.90840200,145.9100
1623760818920000,0,3.64658872,145.9500
1623760846942000,0,0.54457005,145.9500
1623760890941000,0,3.25145659,145.9600
1623760916999000,1,6.16920270,145.7200
1623760917078000,1,0.68706256,145.7200
1623760917078000,1,8.08047838,145.7100
1623760917125000,1,7.15509196,145.7100
1623760918047000,1,10.00000000,145.5800
1623760918047000,1,10.00000000,145.5300
1623760918967000,1,1.00000000,145.5000
1623760942059000,1,2.60000000,145.3700
1623760972456000,0,0.58537633,145.5100
1623760987874000,1,6.87436000,145.3700
1623761033662000,1,0.13933000,145.2500
1623761094750000,1,4.92240000,145.1500
1623761104516000,0,276.98190800,145.2800
1623761106196000,1,1.96000000,145.1500
1623761106196000,1,1.88927630,145.1400
1623761125187000,1,10.00000000,145.1600
1623761125252000,1,79.00000000,145.1900
1623761186551000,0,5.70920149,144.7500
1623761186551000,0,1.06259851,144.7500
1623761186728000,1,1.03080000,144.6600
1623761206551000,1,0.13831460,144.6000
1623761208265000,0,6.91725000,144.6500
1623761237748000,0,0.00005617,144.7500
1623761237748000,0,0.66507194,144.7500
1623761324470000,1,0.23603314,144.6900
1623761328356000,1,1.68109365,144.6900
1623761401307000,0,5.70890000,144.7900
1623761411397000,0,0.00001746,144.7900
1623761411397000,0,5.70891746,144.7900
1623761412154000,0,0.35935881,144.8100
1623761429821000,1,1.80737748,144.7600
1623761439974000,0,40.00000000,144.8300
1623761442872000,0,5.70900000,144.8400
1623761444195000,0,0.00006076,144.8400
1623761444195000,0,5.70903924,144.8400
1623761445497000,0,0.00002152,144.8400
1623761445497000,0,5.70547848,144.9000
1623761445782000,0,0.00008425,144.9000
1623761445849000,0,28.53892424,144.9400
1623761445849000,0,6.30637576,144.9500
1623761450024000,1,10.00000000,144.8000
1623761450024000,1,1.94000000,144.7700
1623761488273000,0,5.70870000,144.8800
1623761494198000,0,0.00005891,144.8800
1623761494198000,0,5.70874109,144.8800
1623761501494000,0,0.00001782,144.8800
1623761501494000,0,3.60998218,144.9400
1623761501606000,0,2.09445011,144.9400
1623761512737000,0,5.70580000,144.8900
1623761604854000,1,0.51762693,145.2600
1623761605490000,1,0.51762693,145.2600
1623761615973000,0,0.67893463,145.4300
1623761619987000,0,0.70558398,145.4300
1623761622012000,0,5.49589000,145.4300
1623761630526000,0,0.00000972,145.4300
1623761694867000,1,0.51731629,145.3600
1623761695494000,1,0.51731629,145.3600
1623761797562000,0,10.00000000,145.2400
1623761803924000,1,0.27758325,145.1600
1623761868329000,1,2.10261000,145.1000
1623761875072000,0,3.84000000,145.2600
1623761894333000,1,0.56160362,145.2300
1623761954719000,1,1.80434854,145.2800
1623761978364000,1,0.51700961,145.4400
1623761992139000,1,0.51690984,145.4700
1623761992713000,1,0.51690984,145.4700
1623762025568000,1,1.67250139,145.5000
1623762036075000,1,1.67257825,145.4700
1623762134400000,0,2.08743545,145.2500
1623762155073000,0,3.60000000,145.2500
1623762207576000,0,0.00001956,145.2500
1623762207576000,0,10.00000000,145.2500
1623762207576000,0,5.68681068,145.2900
1623762207576000,0,6.88430241,145.3300
1623762207576000,0,10.00000000,145.3300
1623762207576000,0,5.38919807,145.3400
1623762207677000,0,0.16346327,145.3400
1623762298571000,1,0.99000000,145.1700
1623762308952000,1,1.15018515,145.1700
1623762319566000,1,0.41000000,145.1000
1623762348522000,0,0.17176308,145.2000
1623762354860000,1,0.29127640,144.9400
1623762482782000,0,7.16000000,144.9000
1623762531942000,1,1.67626736,144.8200
1623762643229000,1,4.98500000,144.9000
1623762781623000,0,1.00000000,144.7900
1623762786805000,0,0.63540300,144.7900
1623762801470000,0,0.77183526,144.7200
1623762822406000,0,5.70830000,144.7100
1623762822553000,0,0.00000564,144.7100
1623762822553000,0,6.91169436,144.7500
1623762852512000,0,5.70693000,144.7300
1623762902162000,0,0.00000418,144.7300
1623763030976000,1,7.09805972,145.0400
1623763086579000,1,5.68420509,145.1400
1623763086579000,1,0.09379491,145.0900
1623763086673000,1,1.49900000,145.0900
1623763087242000,0,1.41640000,145.2200
1623763114328000,1,0.51758763,145.2600
1623763200247000,1,2.83638109,145.2800
1623763247659000,1,1.79712976,145.0800
1623763285227000,0,2.20000000,145.1300
1623763288044000,0,0.56416011,145.1300
1623763308467000,1,5.68469610,145.0500
1623763308467000,1,0.09930390,145.0500
1623763308585000,1,0.70000000,145.0500
1623763330026000,1,0.16070082,145.0100
1623763379035000,1,0.46816865,145.1000
1623763662970000,1,0.30000000,144.8500
1623763663063000,1,5.39203512,144.8500
1623763663063000,1,0.36695488,144.8500
1623763673648000,0,1.55302026,145.0000
1623763904994000,1,1.67302428,145.1100
1623763915453000,1,0.32654050,145.1100
1623763917166000,1,3.68180000,145.1100
1623763977096000,0,2.91159806,145.1400
1623764007568000,1,1.79706710,144.8700
1623764040924000,0,0.13719407,145.0500
1623764089890000,0,5.69279654,145.0100
1623764089919000,0,10.00000000,145.0000
1623764090364000,0,17.24378254,145.0600
1623764090364000,0,6.89621746,145.0600
1623764092688000,0,1.12019300,145.1800
1623764122122000,0,0.72053245,144.9900
1623764169918000,1,1.66821944,144.8100
1623764230565000,0,5.69000000,144.9200
1623764250354000,1,1.77573196,144.9000
1623764250815000,1,3.91519731,144.9000
1623764250815000,1,1.85180269,144.8800
1623764261273000,1,5.76500000,144.8600
1623764420296000,1,0.21439828,145.0000
1623764506449000,1,1.09610218,144.9400
1623764627888000,1,0.67647100,145.0100
1623764634638000,0,2.63814631,145.1700
1623764635760000,1,0.22853000,145.0000
1623764787718000,1,5.67950000,145.2300
1623764835871000,1,7.00520000,145.0000
1623764869276000,1,0.00002911,145.0000
1623764887320000,1,0.34880245,144.8900
1623764894809000,0,0.63293428,145.0300
1623764952956000,0,5.69434648,145.0200
1623764952956000,0,28.47565352,145.0300
1623764953003000,0,0.00486681,145.0300
1623765008699000,1,2.09500000,144.8900
1623765072517000,0,0.17799553,145.1400
1623765082895000,0,1.78376707,145.1500
1623765120289000,1,0.97208300,145.1300
1623765130626000,1,2.29168800,145.0500
1623765133787000,1,2.99000000,145.0900
1623765136868000,0,5.68255000,145.2500
1623765137395000,0,17.21385000,145.3000
1623765213861000,0,6.87814000,145.4200
1623765214178000,0,5.67402000,145.4300
1623765244438000,0,5.67091000,145.5000
1623765244839000,0,6.87379709,145.5400
1623765318028000,0,0.89364671,145.3100
1623765416862000,0,2.00000000,145.1500
1623765477000000,1,1.79637933,145.1300
1623765496603000,0,5.67000000,145.3600
1623765505016000,0,5.67000000,145.4800
1623765542727000,1,56.13500000,145.3700
1623765614191000,0,1.68000000,145.3900
1623765639071000,1,0.14569625,145.2600
1623765643600000,1,3.03370000,145.2500
1623765769603000,0,5.69742000,144.8400
1623765773413000,1,6.90512360,144.7400
1623765773413000,1,10.00000000,144.7400
1623765773413000,1,5.69438834,144.7200
1623765773413000,1,25.48997416,144.7200
1623765773413000,1,34.13520000,144.7100
1623765773413000,1,1.92000000,144.7100
1623765773413000,1,10.00000000,144.7100
1623765773413000,1,1.42761972,144.7000
1623765786769000,1,0.37402460,144.6800
1623765805456000,1,184.00000000,144.5600
1623765805459000,1,30.84850581,144.5600
1623765840306000,1,0.37870787,144.4500
1623765871939000,1,1.59633921,144.3300
1623765908038000,0,5.70000000,144.5400
1623765920487000,1,2.50375416,144.4100
1623765965472000,1,0.35000000,144.2000
1623765978268000,1,0.35000000,144.0000
1623765982149000,0,3.30138671,144.0300
1623765983390000,0,3.30138671,144.0400
1623765983853000,0,2.43021565,144.0400
1623765983853000,0,0.87117106,144.0600
1623766053860000,1,1.66335986,144.2000
1623766087792000,1,1.79493585,144.3700
1623766165906000,0,3.39945936,144.5600
1623766238987000,0,2.04762338,144.8300
1623766328245000,1,0.19067583,144.5300
1623766498118000,0,1.37501428,144.7900
1623766510005000,0,0.34014780,144.7200
1623766692369000,0,6.66898228,143.9500
1623766777662000,0,0.33980221,143.8000
1623766830853000,1,0.24934000,143.7600
1623766871644000,1,5.72786429,143.9300
1623766871644000,1,0.58011335,143.8900
1623766921958000,1,5.72950000,143.8700
1623767106157000,0,0.26985582,143.8300
1623767173434000,1,0.16725888,142.9400
1623767173560000,1,5.29000000,142.9500
1623767173560000,1,0.51890000,142.9400
1623767173604000,1,1.35384112,142.9400
1623767173604000,1,8.80699993,142.9100
1623767173676000,0,1.56210405,143.1700
1623767217184000,1,8.41512063,143.1200
1623767224688000,0,0.50000000,143.2700
1623767234945000,0,10.00000000,143.3800
1623767255226000,0,0.17241034,143.4600
1623767295403000,1,0.18347500,143.1600
1623767305961000,1,0.25077677,143.0600
1623767316331000,1,1.69438042,143.1000
1623767427674000,0,0.55121058,143.2600
1623767469641000,1,0.17492277,142.9000
1623767474456000,1,0.73703000,142.8300
1623767476638000,1,0.00000588,142.8300
1623767476638000,1,18.93899412,142.7100
1623767480041000,0,1.40134527,142.7100
1623767480986000,0,1.40134527,142.7200
1623767481030000,1,0.98634142,142.5800
1623767481030000,1,2.06000000,142.5600
1623767493564000,0,17.50498000,142.8900
1623767527169000,0,10.98121000,143.0000
1623767581932000,1,4.92238576,142.8400
1623767594845000,1,6.99809652,142.8000
1623767594845000,1,17.49594348,142.8000
1623767594895000,1,0.00001291,142.8000
1623767609722000,0,0.52561497,142.6500
1623767611965000,0,2.36717405,142.6500
1623767650910000,1,0.85621300,142.6600
1623767658915000,1,1.67601126,142.6800
1623767696892000,1,5.77865511,142.6400
1623767696892000,1,3.87240901,142.6400
1623767724605000,0,0.33991800,142.7900
1623767767210000,1,2.55000000,142.6700
1623767801856000,0,5.77485000,142.9200
1623767835372000,0,2.07124463,143.2600
1623767862120000,1,1.00000000,143.0000
1623767898301000,1,3.70815784,142.8100
1623768032248000,1,2.78082570,143.0400
1623768084995000,1,0.15276900,143.1700
1623768112792000,1,1.69171199,143.3300
1623768112880000,1,1.41600000,143.3300
1623768185160000,0,0.48296949,143.2400
1623768230951000,0,4.25000000,143.4000
1623768250387000,1,6.97077850,143.3900
1623768250387000,1,5.75444586,143.3800
1623768250387000,1,1.99638991,143.3600
1623768257631000,1,0.28115600,143.3700
1623768283396000,1,0.27160000,143.3600
1623768352180000,1,0.14234881,143.3300
1623768498331000,0,1.02194999,143.5900
1623768498547000,0,0.28394721,143.6000
1623768599717000,1,4.69700000,143.4000
1623768661206000,0,8.40336134,143.7800
1623768665712000,1,1.20131022,143.6000
1623768668691000,1,1.00000904,143.5900
1623768759992000,0,1.70850598,143.8000
1623768770632000,1,1.68606799,143.6000
1623768781003000,1,2.08087925,143.6000
1623768783820000,1,6.96049225,143.6000
1623768879628000,1,8.15126051,143.2300
1623768947596000,0,0.69682151,143.1500
1623769034024000,0,10.00000000,143.2300
1623769034024000,0,6.98616739,143.2400
1623769034024000,0,4.59252752,143.2400
1623769061168000,0,0.68551490,143.2900
1623769064398000,1,0.40848649,143.1500
1623769064586000,0,2.50296626,143.3000
1623769078792000,0,5.75960000,143.2900
1623769143985000,1,3.09017573,143.2900
1623769257060000,1,1.68098179,143.2500
1623769307938000,1,0.50000000,143.2300
1623769409274000,1,0.57142359,142.6600
1623769425240000,1,0.83671077,142.4000
1623769425848000,1,0.20037307,142.4000
1623769435665000,0,0.47565216,142.4900
1623769442287000,1,1.24219000,142.3400
1623769442733000,1,0.00000768,142.3400
1623769450580000,1,10.00000000,142.1100
1623769456176000,0,2.15420000,142.2400
1623769470210000,0,0.29956951,142.5000
1623769498853000,1,0.31433447,142.4600
1623769510787000,1,6.40933009,142.5400
1623769554055000,1,5.78070362,142.6100
1623769635213000,1,0.17678480,142.5900
1623769671532000,1,0.57575511,142.5300
1623769690460000,0,0.20415093,142.8300
1623769700138000,0,96.20261527,142.8000
1623769700138000,0,8.16286092,142.8000
1623769774251000,1,1.69436276,142.8600
1623769784790000,0,0.34186896,143.0500
1623769800275000,1,2.08179023,142.9600
1623769828760000,0,6.91893089,142.9700
1623769859512000,1,96.20269908,142.8000
1623769859512000,1,1.40790000,142.8000
1623769859512000,1,150.66845474,142.7900
1623769894539000,1,34.59840000,142.9000
1623769894539000,1,10.57750000,142.8800
1623769894539000,1,19.78100000,142.8700
1623769894539000,1,234.18510000,142.8300
1623769894539000,1,10.00000000,142.8300
1623769894539000,1,0.57636982,142.8000
1623770017160000,1,0.35427475,143.1500
1623770020027000,0,1.31413200,143.3000
1623770022057000,0,1.13655988,143.3600
1623770044876000,0,1.04115513,143.3000
1623770065410000,1,0.07221700,142.9200
1623770085136000,1,1.78650000,142.8600
1623770098350000,1,0.27154743,142.8500
1623770104593000,0,2.70000000,143.0200
1623770179144000,1,0.21134450,143.1800
1623770224995000,1,5.75509194,143.1200
1623770276969000,1,15.76460000,142.9500
1623770311122000,1,1.26000000,142.8200
1623770414477000,1,0.13783400,142.5500
1623770522451000,1,9.99900000,142.7900
1623770640278000,1,5.76104215,143.0600
1623770640278000,1,0.07988110,143.0600
1623770690969000,1,9.83660000,143.1500
1623770705473000,1,1.39655275,142.9800
1623770743074000,1,0.20821300,143.0600
1623770776362000,1,2.89012448,143.1700
1623770858375000,0,10.00000000,143.3000
1623770858375000,0,17.67900000,143.3600
1623770858375000,0,5.75712418,143.3600
1623770858375000,0,10.00000000,143.3700
1623770858375000,0,6.58011743,143.3800
1623770883936000,1,0.63851996,143.3300
1623770891905000,1,0.52440950,143.3700
1623770955403000,0,6.98570000,143.2200
1623770955462000,0,0.00036978,143.2200
1623770955462000,0,5.76183022,143.2400
1623770965069000,0,6.98000000,143.2200
1623770989200000,1,0.50700000,143.2500
1623771000361000,1,0.43234699,143.2300
1623771119469000,1,2.00000000,143.3000
1623771262215000,1,0.41560577,143.1200
1623771297190000,1,0.91598900,143.2400
1623771313482000,1,0.30098873,143.1500
1623771433532000,0,1.88284518,143.1000
1623771596230000,0,6.96792717,142.7800
1623771748965000,1,0.99900000,143.1200
1623771799847000,0,0.19123221,143.1600
1623771810350000,0,1.18726600,143.1900
1623771840268000,1,0.35313278,142.9600
1623772067624000,1,0.64319300,143.2000
1623772073486000,1,0.26131848,143.2000
1623772113882000,1,1.68858638,143.3000
1623772194381000,1,4.00000000,143.1700
1623772220468000,1,3.00000000,143.2400
1623772258024000,0,0.34800000,143.3600
1623772365580000,0,2.34703124,143.2600
1623772456782000,1,1.68376891,143.0600
1623772595239000,1,0.28658000,143.5700
1623772628471000,1,0.28356621,143.6600
1623772631289000,1,0.52318404,143.7200
1623772669036000,1,1.68660326,143.6600
1623772780091000,1,0.39900000,143.6600
1623772790519000,1,0.21042166,143.6600
1623772835383000,0,90.44000000,143.4700
1623772851831000,0,6.96401530,143.6600
1623772871294000,0,0.69455076,143.6900
1623772892266000,1,0.80933730,143.7400
1623772907469000,0,6.94470000,144.0600
1623772907552000,0,0.00000679,144.0600
1623772908654000,1,0.52250974,143.9700
1623772909282000,1,0.52250974,144.0200
1623772913593000,1,2.36744834,144.0100
1623772914350000,1,2.36744834,144.0100
1623772932722000,1,1.68120290,143.8600
1623773032617000,1,40.00000000,143.7800
1623773104106000,1,0.57556347,143.6800
1623773255648000,1,2.32496275,143.3600
1623773364414000,1,0.28179692,143.4300
1623773389391000,0,2.16019755,143.5600
1623773491044000,0,5.74916848,143.6500
1623773496531000,0,0.93594207,143.7000
1623773613810000,1,0.10745600,143.5100
1623773615281000,1,0.17810600,143.5200
1623773628126000,1,1.63911109,143.5400
1623774067813000,0,5.75153000,143.5400
1623774186907000,1,1.11457600,143.4000
1623774192837000,0,0.39014986,143.5300
1623774193344000,0,0.91338381,143.5300
1623774324030000,1,0.25046963,143.3700
1623774363317000,1,10.00000000,143.3300
1623774363317000,1,5.75548771,143.3200
1623774363317000,1,5.29208265,143.3000
1623774414810000,0,2.00000000,143.4700
1623774495686000,1,0.55584456,143.4100
1623774688990000,1,0.27900000,142.9900
1623774689081000,1,0.15100000,142.9900
1623774890342000,1,0.37106671,143.5100
1623774967131000,1,2.86483512,143.8600
1623774983178000,0,1.44261270,143.9200
1623774995695000,0,0.33968419,143.9400
1623775022929000,1,2.66996636,143.8200
1623775044250000,1,1.43225700,143.7500
1623775045675000,0,5.73000000,143.8700
1623775045778000,0,0.00837977,143.8700
1623775045853000,0,6.95257255,143.9200
1623775045853000,0,20.21400000,143.9300
1623775045853000,0,17.37670371,143.9400
1623775046183000,0,5.73645044,143.9200
1623775046183000,0,17.38071404,143.9200
1623775046183000,0,25.98283552,143.9600
1623775046229000,0,2.70038329,143.9600
1623775046229000,0,46.81649370,143.9600
1623775051588000,1,0.52793963,143.8200
1623775142543000,1,1.05948815,143.8200
1623775185209000,0,0.34575022,143.8900
1623775277240000,0,6.92291101,143.7300
1623775364233000,1,1.67814381,143.3200
1623775365094000,1,0.68165800,143.3500
1623775404615000,1,1.77200000,143.4600
1623775415102000,1,0.21000000,143.3900
1623775415190000,1,0.50500000,143.3800
1623775425656000,1,0.21055013,143.3400
1623775564284000,0,5.75085996,143.5400
1623775634315000,0,2.13000000,143.6400
1623775695110000,0,5.74919000,143.5700
1623775748518000,0,5.74000000,143.6800
1623775801200000,0,0.00429418,143.6800
1623775801200000,0,5.74423582,143.6800
1623775801535000,0,0.00001174,143.6800
1623775801716000,0,6.96039000,143.7400
1623775801817000,0,0.00000535,143.7400
1623775801817000,0,6.96029465,143.7400
1623775978115000,1,0.29535040,143.8000
1623776007890000,1,0.52228050,143.9500
1623776019959000,1,0.52217868,144.0000
1623776039043000,0,10.00000000,144.1200
1623776039043000,0,6.94155213,144.1300
1623776039043000,0,15.23759169,144.1300
1623776351772000,0,1.06686335,143.9100
1623776427275000,0,0.66692852,143.7500
1623776432384000,1,0.24446424,143.6600
1623776525646000,1,10.00000000,143.4400
1623776525646000,1,6.96854413,143.4300
1623776525646000,1,5.74804367,143.4100
1623776525646000,1,6.97009845,143.4000
1623776525646000,1,2.49245757,143.4000
1623776577507000,0,3.45811939,143.5100
1623776695537000,0,2.06000000,144.1800
1623776695537000,0,1.06200378,144.1900
1623776710856000,1,0.37263800,143.8500
1623776719226000,0,1.40000000,143.8800
1623776719338000,0,4.33852045,143.8800
1623776719338000,0,6.95255576,143.9000
1623776719338000,0,194.38180000,143.9100
1623776719638000,0,17.38042344,143.9000
1623776723860000,1,1.06624400,143.9700
1623776726179000,0,6.93692944,144.2300
1623776726179000,0,2.72727056,144.2400
1623776731151000,1,3.35882057,144.2400
1623776731638000,1,3.35882057,144.2400
1623776736058000,1,1.33755177,144.1200
1623776810281000,0,5.74000000,143.7800
1623776820834000,0,0.00167775,143.7800
1623776820834000,0,5.73832225,143.7800
1623776847920000,0,0.00335550,143.7800
1623776847920000,0,0.50248357,143.7900
1623776863478000,1,1.67792365,143.6200
1623776891915000,0,6.95613462,143.8000
1623776891915000,0,17.38961116,143.8300
1623776933062000,1,1.06631800,143.6400
1623777000766000,0,0.66778500,143.7100
1623777081167000,0,0.83366065,143.9100
1623777114419000,0,0.83453141,143.8900
1623777160364000,1,0.56400000,143.7300
1623777242889000,1,29.79156761,143.8500
1623777278148000,0,5.73410060,143.9700
1623777322004000,0,0.83615768,144.1500
1623777360683000,0,5.19554197,144.0100
1623777458850000,0,5.73000000,143.8300
1623777481776000,0,5.74222000,143.7800
1623777481833000,0,0.00000265,143.7800
1623777524791000,1,0.44180000,143.7300
1623777526716000,0,5.73860000,143.8600
1623777526857000,0,0.00005195,143.8600
1623777530170000,0,5.73860000,143.8600
1623777565720000,0,0.34841818,143.7900
1623777569261000,0,5.39000000,143.7900
1623777588885000,0,0.00289105,143.7900
1623777606140000,1,0.25126652,143.7100
1623777735676000,0,2.67955219,143.8400
1623777825432000,0,5.73000000,143.8200
1623777996622000,1,0.50000000,143.6300
1623778090552000,1,0.31400000,143.6700
1623778146978000,0,1.21477326,143.7300
1623778172481000,0,6.96398228,143.6700
1623778174492000,0,5.74448754,143.6800
1623778191486000,0,0.67375063,143.6800
1623778202962000,0,5.07000000,143.6800
1623778305496000,0,1.76718619,143.7200
1623778343403000,0,10.00000000,143.8300
1623778343403000,0,5.73972925,143.8400
1623778343403000,0,6.95526374,143.8400
1623778343403000,0,10.00000000,143.8500
1623778343403000,0,1.38561727,143.8500
1623778473605000,1,0.18632004,143.6700
1623778506038000,0,5.73999930,143.8000
1623778506038000,0,2.26683158,143.8000
1623778606845000,1,0.25121037,143.9300
1623778678171000,0,0.82365991,143.9700
1623778799755000,0,1.32428160,143.9200
1623779040283000,1,0.90538435,143.7300
1623779053697000,1,1.45659200,143.6700
1623779160264000,1,0.44877607,143.8500
1623779163563000,1,0.47950000,143.8500
1623779185205000,0,5.72000000,144.0900
1623779185309000,0,0.00898042,144.0900
1623779203015000,1,0.21672700,144.0000
1623779216298000,1,1.83313399,143.9400
1623779216389000,0,5.72937482,144.0900
1623779216389000,0,7.43173415,144.0900
1623779223241000,0,40.00000000,144.0000
1623779223547000,0,12.88000000,144.0000
1623779223568000,0,25.42424769,144.0000
1623779239545000,1,0.14418100,144.0200
1623779246802000,1,0.38758600,144.1200
1623779320009000,0,5.72711000,144.1300
1623779363893000,0,5.72766000,144.1100
1623779363896000,0,0.00000750,144.1100
1623779518094000,0,5.73371000,143.9500
1623779522754000,0,5.73000000,143.9700
1623779523143000,0,0.00316395,143.9700
1623779538094000,0,0.30772017,144.0600
1623779552802000,0,0.38005278,143.9800
1623779705611000,0,5.71911129,144.3500
1623779705611000,0,9.99088871,144.3500
1623779708779000,1,3.35614387,144.3600
1623779708863000,0,1.92000000,144.4400
1623779709642000,0,3.30000000,144.5000
1623779709652000,1,3.89499384,144.3600
1623779715876000,1,3.30890919,144.5700
1623779730739000,0,6.90684000,144.8500
1623779730809000,0,0.00000053,144.8500
1623779800430000,0,5.70600000,144.6800
1623779806350000,0,0.00008238,144.6800
1623779826296000,0,5.69450000,144.9900
1623779834740000,0,0.24477945,145.0200
1623779834740000,0,0.73588566,145.0200
1623779834740000,0,0.98480213,145.0200
1623779834740000,0,1.07933276,145.0200
1623779891621000,0,5.69000000,144.8300
1623779896706000,0,5.69000000,144.8900
1623779899925000,1,0.60000000,144.8200
1623779910000000,1,0.24915490,144.7800
1623779939451000,0,5.23970000,144.9400
1623779939667000,0,0.45523551,144.9400
1623779939667000,0,6.90254980,144.9500
1623779956213000,0,0.00022338,145.0200
1623779956213000,0,5.68977662,145.0500
1623780033291000,0,0.00141928,145.0500
1623780035104000,1,0.47386683,145.0600
1623780056324000,1,1.38479226,145.1800
1623780057314000,1,1.38479226,145.2200
1623780064482000,0,6.88449199,145.3500
1623780064482000,0,5.68078339,145.3600
1623780071640000,0,4.47187693,145.6100
1623780072053000,0,3.36089319,145.6500
1623780077487000,0,1.93000000,145.7100
1623780096059000,1,6.86153424,145.6700
1623780096059000,1,3.13846576,145.6600
1623780096933000,1,6.86153000,145.6800
1623780098876000,0,9.99999999,145.7200
1623780100027000,0,2.04000000,145.7900
1623780105167000,1,0.80000000,145.8000
1623780105348000,1,0.00836762,145.8000
1623780114478000,0,17.15243047,145.8600
1623780114478000,0,6.86021623,145.8600
1623780114478000,0,44.57735330,145.9300
1623780116802000,0,1.36338722,145.9600
1623780129149000,0,0.14543088,145.9800
1623780152472000,0,0.34201175,145.9300
1623780165456000,1,1.96000000,145.9600
1623780165456000,1,10.00000000,145.9600
1623780195135000,1,5.64640000,145.9700
1623780209289000,0,0.27558200,146.0500
1623780209289000,0,5.64441800,146.0600
1623780214163000,0,5.00000000,146.1800
1623780214168000,0,14.48800150,146.1800
1623780214182000,0,1.76321652,146.1800
1623780214194000,0,11.72514217,146.1800
1623780214373000,0,6.84050674,146.2500
1623780214373000,0,44.45693022,146.3100
1623780216524000,1,17.10030000,146.3200
1623780216585000,1,0.00003000,146.3200
1623780222864000,0,10.00000000,146.4700
1623780222864000,0,17.15403264,146.4800
1623780225392000,0,8.51048000,146.5000
1623780225392000,0,5.63337432,146.5800
1623780225392000,0,28.17614568,146.5900
1623780242983000,0,0.65033438,146.4900
1623780249422000,0,0.00372650,146.5900
1623780249422000,0,28.14627350,146.6300
1623780250424000,0,0.00572317,146.6300
1623780250424000,0,5.51452776,146.6300
1623780288390000,0,17.06741512,146.5400
1623780288390000,0,6.82258488,146.5400
1623780301860000,0,5.63000000,146.5000
1623780318774000,0,6.83200109,146.4800
1623780318774000,0,17.07799891,146.4800
1623780354953000,1,0.68441100,146.1400
1623780377370000,0,1.91000000,146.4000
1623780408441000,0,1.74338733,146.5300
1623780416735000,0,10.00000000,146.4900
1623780454692000,1,0.98413600,146.3700
1623780455042000,0,6.78923307,146.5600
1623780477905000,0,10.00000000,146.4500
1623780477905000,0,6.83181439,146.4500
1623780477905000,0,5.25036655,146.4500
1623780487044000,0,1.70311432,146.4200
1623780578131000,0,1.36363636,146.3000
1623780620744000,1,0.00003917,145.9700
1623780713905000,0,5.65684368,145.9100
1623780713905000,0,12.33635632,145.9100
1623780770628000,0,5.66000000,145.6300
1623780770843000,0,0.00832292,145.6300
1623780770843000,0,6.86879233,145.6600
1623780770843000,0,6.86879233,145.6700
1623780770843000,0,7.45125375,145.6800
1623780776219000,1,0.28247300,145.5800
1623780785074000,0,6.86370000,145.7600
1623780785127000,0,0.00000063,145.7600
1623780785127000,0,17.15829937,145.7700
1623780785261000,0,0.00001567,145.7700
1623780785317000,0,4.61530000,145.7900
1623780785350000,0,12.12309055,145.7900
1623780785375000,0,27.87697562,145.7900
1623780785723000,0,6.85664134,145.9000
1623780880267000,0,0.19926260,145.9700
1623780907003000,1,5.64000000,145.9600
1623780977284000,1,7.36000000,145.8600
1623780980983000,0,4.04583133,145.9700
1623780991251000,1,0.67764157,145.7600
1623781004245000,1,5.65651683,145.7600
1623781004420000,1,5.65651683,145.7600
1623781028528000,0,1.70481803,145.9100
1623781066444000,0,5.66000000,145.8400
1623781066920000,0,16.16332239,145.8900
1623781093139000,1,0.24781252,145.8600
1623781145329000,0,1.00000000,145.9400
1623781163542000,1,3.81847392,145.8200
1623781168764000,0,0.54039226,145.9400
1623781186479000,1,0.27228502,145.6800
1623781190902000,1,10.00000000,145.7000
1623781298257000,1,1.36338722,145.6400
1623781354590000,1,0.27228503,145.5700
1623781451852000,0,15.00000000,145.6800
1623781664690000,1,0.49600827,145.6000
1623781680665000,0,0.35142110,145.7000
1623781724168000,0,4.50055000,145.6000
1623781735712000,0,0.00000726,145.6000
1623781820813000,1,17.15000000,145.7000
1623781859420000,1,1.52200000,145.4400
1623781940821000,1,10.00000000,145.3600
1623781940821000,1,6.87710611,145.3400
1623781940821000,1,4.30471422,145.3200
1623781945905000,0,5.67000000,145.4600
1623781967906000,1,10.00000000,145.1700
1623782041210000,1,1.65745778,145.3100
1623782459626000,1,0.07401300,145.5000
1623782495221000,1,0.21812217,145.3600
1623782620546000,1,0.29211754,145.5600
1623782635830000,0,1.33334311,145.6800
1623782654786000,0,5.66611907,145.6700
1623782654786000,0,0.07164436,145.6700
1623782711293000,0,17.17835642,145.6100
1623782711293000,0,5.67008416,145.6100
1623782711293000,0,6.86155942,145.6100
1623782711414000,0,0.00912064,145.6100
1623782711611000,0,6.87068006,145.6500
1623782711611000,0,17.17623072,145.6500
1623782779491000,1,11.96284413,145.1000
1623782779597000,1,40.00000000,145.0900
1623782780084000,1,3.29999999,145.1000
1623782780150000,1,0.00000001,145.1000
1623782780891000,1,3.30000000,145.1000
1623782782231000,1,40.00000000,144.9500
1623782787747000,1,2.47230000,144.8400
1623782804995000,1,2.02000000,144.5600
1623782809955000,0,10.00000000,144.6300
1623782816237000,0,10.00000000,144.4900
1623782817210000,0,0.60978000,144.5000
1623782817775000,0,0.00000374,144.5000
1623782825736000,0,10.00000000,144.8000
1623782937031000,1,6.90000000,144.7300
1623783027611000,0,6.53950000,144.9300
1623783028209000,1,10.00000000,144.9300
1623783076977000,1,10.00000000,144.9700
1623783102396000,0,3.16918065,145.1300
1623783102396000,0,5.68895909,145.1400
1623783102396000,0,5.78704209,145.1400
1623783121972000,0,0.23752928,145.2100
1623783202340000,1,10.00000000,144.8300
1623783240273000,1,0.59733738,144.8400
1623783247080000,0,6.90000000,144.9800
1623783247158000,0,0.00153014,144.9800
1623783307146000,1,0.28509081,144.8900
1623783341109000,1,0.36661060,144.9700
1623783341216000,1,0.34360000,144.9700
1623783413102000,0,1.91000000,145.1900
1623783472327000,1,1.86819799,145.0000
1623783816166000,1,0.29667395,145.1200
1623783944618000,0,0.16702186,145.1700
1623784107880000,1,1.35897410,144.8700
1623784219096000,1,0.39389871,144.9600
1623784219191000,1,0.60989000,144.9600
1623784238589000,1,0.18637917,144.9600
1623784310161000,1,1.35897410,144.9000
1623784478589000,0,2.25769647,144.8600
1623784618751000,0,0.60765276,145.0600
1623784663946000,0,0.32143704,144.9600
1623784749051000,1,0.46155800,144.8900
1623784782769000,1,0.28273734,144.8700
1623784800288000,0,0.22646596,144.9400
1623784876959000,0,5.70000000,144.7500
1623784877078000,0,0.00456861,144.7500
1623784877078000,0,15.00000000,144.8000
1623784877160000,0,26.84759455,144.8200
1623784877160000,0,28.51265840,144.8300
1623784877160000,0,6.90674513,144.8300
1623784877160000,0,15.89300192,144.8400
1623785086636000,1,10.00000000,144.1700
1623785146064000,1,10.00000000,144.2000
1623785170233000,1,26.23000000,144.1800
1623785170399000,1,12.34775364,144.1400
1623785177025000,0,6.94888401,144.0800
1623785177458000,0,17.35710000,144.1100
1623785189808000,0,0.68141232,144.0500
1623785272466000,0,6.94502320,144.1100
1623785272466000,0,17.36206952,144.1100
1623785272466000,0,30.39290728,144.1100
1623785272613000,0,14.74696980,144.1100
1623785276906000,1,2.00000000,144.0500
1623785300762000,1,5.72000000,144.0600
1623785345451000,1,0.00325226,144.0600
1623785358996000,1,3.40000000,143.9600
1623785400283000,1,0.76700696,144.1100
1623785428759000,1,0.52091652,144.3300
1623785429384000,1,0.52091652,144.3300
1623785538011000,1,0.15171673,144.2200
1623785538116000,1,0.67976013,144.2200
1623785559635000,1,17.33390606,144.1500
1623785559635000,1,6.93339394,144.1500
1623785602324000,1,5.71510000,144.2800
1623785735605000,1,5.72740000,143.9600
1623785735619000,1,0.00007811,143.9600
1623785735693000,1,28.63200000,143.9300
1623785999334000,0,6.93385000,144.2900
1623786025510000,1,5.71679000,144.2300
1623786048978000,0,6.93462000,144.2700
1623786129588000,1,0.52039969,144.4900
1623786130174000,1,0.52039969,144.4900
1623786295389000,0,0.44323675,144.3800
1623786414306000,1,0.99371100,144.2100
1623786414550000,1,4.04583133,144.2100
1623786427970000,1,1.43756000,144.3400
1623786482661000,1,5.70705912,144.4800
1623786482661000,1,6.91802145,144.4500
1623786482661000,1,3.51591943,144.4400
1623786488379000,0,1.96286965,144.5800
1623786660634000,1,6.93866223,143.9400
1623786660634000,1,17.34256298,143.9400
1623786660634000,1,0.00006307,143.9300
1623786660634000,1,158.94680000,143.9200
1623786660634000,1,38.77190672,143.9100
1623786691067000,1,0.17087627,143.8600
1623786691159000,1,0.17081707,143.8700
1623786737322000,1,0.30877352,143.8800
1623786756624000,1,0.70915800,143.6200
1623786781937000,1,0.17089997,143.6000
1623786782026000,1,0.32472059,143.6100
1623786824365000,1,17.38540000,143.6600
1623786840308000,0,0.71408137,143.6700
1623786859288000,1,6.95652174,143.6500
1623786859288000,1,17.39087826,143.6400
1623786860950000,1,17.39200000,143.6300
1623786862045000,1,0.00003015,143.6300
1623786885963000,0,0.95681805,143.7600
1623787014334000,1,4.85030000,143.6000
1623787016411000,1,0.00004818,143.6000
1623787089205000,0,0.34564334,143.5500
1623787105838000,0,0.52279379,143.4600
1623787187501000,0,5.75700000,143.3700
1623787187614000,0,0.00003773,143.3700
1623787205736000,1,0.59077081,143.2400
1623787225794000,1,1.37319518,143.0000
1623787239921000,0,0.47488719,143.0800
1623787271361000,1,5.62680482,143.0000
1623787271361000,1,10.82549518,143.0000
1623787274117000,1,46.00000000,143.0000
1623787274187000,1,9.49199000,143.0000
1623787276789000,1,33.68250000,143.0000
1623787277969000,1,0.00001482,143.0000
1623787285057000,0,10.00000000,142.9600
1623787285057000,0,1.16707462,142.9900
1623787311731000,1,0.71413922,142.6500
1623787316723000,0,0.47534338,142.8200
1623787326466000,1,8.58229805,142.6100
1623787347283000,1,1.00000000,142.5000
1623787347520000,1,2.04000000,142.4400
1623787347520000,1,2.00000000,142.3700
1623787347520000,1,0.43187693,142.3600
1623787356616000,1,144.94899189,142.3800
1623787356710000,1,17.63841442,142.3800
1623787360255000,0,10.00000000,142.4300
1623787360255000,0,1.98000000,142.4400
1623787360255000,0,13.35227498,142.4400
1623787387783000,1,0.15716737,142.5100
1623787465403000,1,7.02286805,142.2400
1623787465403000,1,17.55913918,142.2400
1623787465403000,1,45.65799277,142.1900
1623787466282000,1,0.24596089,142.1800
1623787478415000,0,0.52664840,142.4000
1623787560339000,1,2.50090220,142.1900
1623787623244000,0,0.22284552,142.6100
1623787628490000,0,0.22290804,142.5700
1623787659024000,1,0.17942338,142.5100
1623787776343000,1,0.37102242,142.5300
1623787811553000,1,0.27032736,142.3900
1623788004626000,0,1.00714000,142.3700
1623788160312000,1,0.14075061,142.1000
1623788160312000,1,2.17683821,142.0600
1623788207006000,0,5.79636000,142.4500
1623788222535000,0,5.78980000,142.6300
1623788321449000,0,0.34882905,142.6200
1623788436704000,1,0.41050787,142.3100
1623788513500000,0,0.00004587,142.6300
1623788515390000,0,5.78550000,142.7100
1623788520315000,1,0.35424023,142.5300
1623788522831000,1,10.00000000,142.5900
1623788522831000,1,7.00938037,142.5800
1623788522831000,1,5.64106735,142.5700
1623788540954000,0,1.11510404,142.7000
1623788652468000,0,0.00005293,142.7100
1623788859897000,0,3.93835588,142.9700
1623788911888000,1,0.29301700,142.7500
1623789105965000,0,6.99680000,142.9900
1623789207155000,0,5.76680000,143.1900
1623789353315000,1,5.76770000,142.9900
1623789365793000,1,1.68891038,143.0500
1623789480274000,0,0.20767297,143.0900
1623789533755000,1,5.76907491,142.9700
1623789533755000,1,15.02902509,142.9200
1623789827546000,1,0.24900000,142.9600
1623790023677000,1,5.76944109,142.9500
1623790023677000,1,1.22255891,142.9500
1623790119919000,1,0.21177795,142.8900
1623790152954000,0,1.73999720,142.9600
1623790314678000,0,0.15912955,142.6200
1623790380174000,0,5.78750000,142.6700
1623790385767000,0,7.00692112,142.7800
1623790385952000,0,17.51657068,142.7900
1623790440274000,1,3.16816198,142.7100
1623790693899000,1,0.16900000,142.7200
1623790715574000,0,1.51270000,142.9400
1623790764646000,0,2.35417184,142.9300
1623790825485000,1,0.34585842,142.8900
1623790841913000,1,4.23253600,142.8800
1623791047047000,0,5.77538426,143.0000
1623791047047000,0,2.43423866,143.0000
1623791283790000,0,6.98733000,143.1900
1623791298684000,0,3.21756147,143.1200
1623791309028000,1,5.76821618,142.9500
1623791309028000,1,1.00308382,142.9200
1623791309136000,1,0.57687147,142.9200
1623791309226000,1,0.29258883,142.9500
1623791330013000,1,0.15554623,142.9800
1623791343699000,1,5.01214184,142.9100
1623791455146000,0,10.00000000,143.0400
1623791455146000,0,5.77254111,143.0500
1623791455146000,0,6.99310328,143.0600
1623791455146000,0,10.00000000,143.0700
1623791455146000,0,6.64347361,143.0900
1623791533574000,0,0.34834296,143.3400
1623791714906000,1,0.21229600,143.0100
1623791723358000,1,4.34410000,143.0800
1623791796351000,1,10.00000000,143.2800
1623791798353000,0,0.25060925,143.4200
1623792052726000,0,0.25390775,143.3500
1623792269125000,0,1.00000000,143.2800
1623792348219000,1,6.98372866,143.1200
1623792348219000,1,5.33924436,143.1200
1623792509260000,1,6.78290000,143.2800
1623792509343000,1,0.19244964,143.2800
1623792509343000,1,0.09204425,143.2700
1623792871483000,1,1.07625071,143.4600
1623792871565000,1,4.67460335,143.4600
1623792871565000,1,1.60785572,143.4300
1623792880311000,1,0.52442416,143.4900
1623792905103000,1,0.52432151,143.5200
1623792935447000,1,0.52421889,143.5800
1623792953836000,0,1.00000000,143.6900
1623792980353000,1,0.69720000,143.4800
1623792994021000,0,1.00000000,143.6900
1623793205870000,1,0.32996289,143.4900
1623793314738000,0,2.00763620,143.6500
1623793314832000,0,1.63648371,143.6500
1623793327656000,1,6.00000000,143.5100
1623793586157000,1,0.36545891,143.5100
1623793684137000,1,1.01145744,143.3500
1623793967943000,0,0.79831486,143.2500
1623793988482000,1,0.63015154,143.2200
1623793988571000,1,0.36553524,143.2200
1623794006680000,0,0.01629214,143.2500
1623794291293000,0,0.38000000,143.5100
1623794320063000,0,0.00707300,143.5100
1623794452560000,0,0.73010000,143.9500
1623794583095000,0,0.26981832,144.0300
1623794616518000,1,0.52276832,143.9600
1623794629046000,1,0.52266632,143.9800
1623794640291000,1,0.58592055,143.9800
1623794855314000,1,0.52252430,144.0200
1623794883400000,1,6.93904741,143.9900
1623794883400000,1,17.34761852,143.9900
1623794883400000,1,1.95335407,143.9900
1623794926503000,1,0.15104217,143.9500
1623795105352000,1,6.93433000,144.1200
1623795105437000,1,0.00000188,144.1200
1623795105437000,1,6.93586812,144.1100
1623795105626000,1,0.00000282,144.1100
1623795105626000,1,24.12979718,144.0700
1623795105870000,1,20.95060000,144.0700
1623795317155000,0,0.28595899,144.1400
1623795317223000,0,0.00000001,144.1400
1623795349381000,1,0.18199682,144.1600
1623795349486000,1,0.50000000,144.1600
1623795359861000,1,0.18900000,144.1400
1623795440312000,0,0.29304475,144.3100
1623795750742000,0,0.22216791,144.1500
1623795766519000,1,0.52182261,144.2800
1623795847466000,0,0.24435000,144.5800
1623795849026000,0,0.00000886,144.5800
1623795850512000,1,0.52032383,144.6300
1623795854609000,0,1.55952490,144.8600
1623795874965000,1,0.27100000,144.7400
1623795902870000,1,5.69903290,144.7300
1623795902870000,1,16.39517977,144.6900
1623796179019000,1,0.25070500,144.3000
1623796428473000,0,0.46573183,144.4700
1623796440218000,1,0.64498221,144.3900
1623796454247000,1,0.71428964,144.3400
1623796477430000,0,5.71691577,144.4700
1623796477430000,0,28.58694522,144.5000
1623796477430000,0,6.92348168,144.5100
1623796477430000,0,6.50000000,144.5200
1623796477430000,0,17.30654861,144.5300
1623796477430000,0,26.74718997,144.5400
1623796477430000,0,2.02000000,144.5400
1623796477430000,0,45.00024236,144.5500
1623796477430000,0,6.23425272,144.5600
1623796477430000,0,54.96442367,144.5600
1623796477594000,1,0.17435000,144.3100
1623796558971000,1,0.57857514,144.2800
1623796804672000,1,0.62903740,144.7500
1623796886042000,0,6.90254000,144.9600
1623796886200000,0,0.00000980,144.9600
1623796886200000,0,17.25565020,144.9600
1623797066804000,1,0.83571300,144.8600
1623797083040000,1,1.49586000,144.7900
1623797103047000,0,5.69972218,144.9000
1623797103047000,0,0.99693085,144.9500
1623797484456000,1,1.18779693,144.6300
1623797863161000,0,6.90790000,144.8200
1623797948146000,1,0.98366000,144.6600
1623798026783000,0,5.70510000,144.7700
1623798027028000,0,0.00006018,144.7700
1623798268697000,0,6.91515000,144.6800
1623798269094000,0,0.00000110,144.6800
1623798269094000,0,17.28739890,144.6900
1623798313184000,0,10.00000000,144.5300
1623798313263000,0,6.92242728,144.5300
1623798313353000,0,6.92252312,144.5400
1623798350310000,1,0.21198736,144.4100
1623798544593000,1,0.54515330,144.3800
1623798738975000,0,0.20135647,144.5900
1623798856851000,0,6.92070000,144.5600
1623798883931000,1,0.14500000,144.5300
1623799004805000,1,0.25722752,144.7000
1623799072030000,0,0.17400000,144.8900
1623799454315000,0,6.91409923,144.7100
1623799538879000,0,6.64420000,145.2600
1623799539487000,0,17.21763410,145.2800
1623799539487000,0,6.88732590,145.2800
1623799539533000,0,0.00001104,145.2800
1623799608341000,0,1.66604961,145.4100
1623799627080000,0,0.33652836,145.2100
1623799656335000,0,5.69044781,145.1900
1623799770269000,0,6.89840000,145.0100
1623799770309000,0,0.00005475,145.0100
1623799859626000,1,0.99500000,144.7900
1623800088077000,0,0.30170099,144.6500
1623800342593000,1,3.30897391,144.6900
1623800601992000,1,5.69661840,144.8500
1623800601992000,1,1.69924594,144.8000
1623800682490000,1,0.22235948,144.7300
1623800720977000,0,0.61518812,144.8500
1623800798921000,1,0.61518812,144.8100
1623800853687000,1,4.44000000,144.8100
1623800953743000,0,1.00490662,144.8300
1623801058403000,0,1.33369459,144.8500
1623801219905000,1,47.07730000,144.5200
