timestamp ms,type,amount,price
1624233631825000,1,0.17721031,130.5800
1624233698572000,0,0.68000000,130.7900
1624233698706000,0,0.00340801,130.7900
1624233722593000,0,6.44720000,130.7600
1624233731123000,1,3.52454278,130.8700
1624233731616000,1,0.22855836,130.8800
1624233731616000,1,3.29598442,130.8700
1624233794105000,0,6.44000000,130.8700
1624233794240000,0,0.00196911,130.8700
1624233863301000,1,7.65400000,130.5500
1624233891991000,1,0.00003750,130.5500
1624233893664000,1,0.25350000,130.4100
1624234039772000,0,3.52331262,130.1800
1624234089241000,0,0.36959825,130.3000
1624234503437000,1,6.48928289,129.7100
1624234503437000,1,4.57136071,129.6800
1624234506456000,1,0.19741319,129.6700
1624234686973000,1,3.20000000,129.6500
1624234735888000,0,12.00000000,129.3500
1624234963986000,1,10.83744200,129.4800
1624235095518000,0,6.50000000,129.6100
1624235155531000,0,0.00129345,129.6100
1624235155531000,0,6.49870655,129.6500
1624235155587000,0,0.00068375,129.6500
1624235232568000,0,6.49000000,129.6600
1624235232701000,0,0.00824305,129.6600
1624235233596000,0,6.49000000,129.6600
1624235250445000,0,6.49000000,129.7000
1624235250530000,0,0.00677509,129.7000
1624235268252000,1,6.49707412,129.5600
1624235268252000,1,3.18522588,129.5500
1624235282495000,1,6.44865720,129.4700
1624235902907000,0,92.26000000,129.7900
1624235974727000,1,0.25871871,129.6800
1624235974727000,1,0.05735029,129.6700
1624236031088000,0,6.48935258,129.8400
1624236140868000,0,4.50000000,129.8500
1624236231607000,1,0.35460243,129.7400
1624236231607000,1,0.88664267,129.7300
1624236231607000,1,1.06375490,129.7200
1624236255151000,0,0.43754639,129.7400
1624236255251000,0,1.33971488,129.7400
1624236265631000,0,0.41907192,129.7400
1624236276000000,0,0.17508908,129.7100
1624236464861000,0,6.50000000,129.5800
1624236465130000,0,0.00231682,129.5800
1624236527035000,0,0.62192270,129.7800
1624236543423000,1,0.23116140,129.5200
1624236543423000,1,0.57786784,129.5200
1624236543423000,1,0.69337076,129.5000
1624236544232000,0,5.94603874,129.6100
1624236586275000,0,6.50000000,129.5300
1624236588623000,0,0.00626348,129.5300
1624236632754000,0,6.50000000,129.5000
1624236655572000,0,0.53000000,129.5900
1624236680969000,0,6.50000000,129.5700
1624236752418000,0,6.50000000,129.6400
1624236805002000,0,0.00014684,129.6400
1624236954591000,1,0.19199460,129.6200
1624236954591000,1,0.48003832,129.6100
1624236954591000,1,5.27400582,129.5600
1624236955695000,1,12.00000000,129.5700
1624236955695000,1,0.47999391,129.5700
1624236955695000,1,0.19199460,129.5700
1624236955695000,1,1.24798416,129.5700
1624236955695000,1,10.00000000,129.5400
1624236955695000,1,3.07101933,129.5300
1624237098222000,0,6.49071434,129.8500
1624237142098000,1,0.22060967,129.9000
1624237142098000,1,0.01600233,129.8500
1624237142752000,1,6.49793600,129.8600
1624237505707000,1,6.47880000,130.0100
1624238124202000,1,2.06241887,129.3400
1624238175801000,0,6.51000000,129.3600
1624238175830000,0,0.00642589,129.3600
1624238224081000,0,6.51000000,129.3400
1624238224145000,0,0.00686206,129.3400
1624238311762000,0,6.51656309,129.3600
1624238325162000,1,0.18354488,129.2100
1624238325162000,1,0.10045512,129.2100
1624238469836000,0,6.51981000,129.2700
1624238469838000,0,0.00000401,129.2700
1624238555614000,1,0.20869686,129.1700
1624238555614000,1,1.68561448,129.1600
1624238675266000,1,0.20523418,129.0700
1624238675266000,1,0.51303776,129.0600
1624238675278000,1,0.00000001,129.0600
1624238675628000,1,1.33380000,129.0200
1624238675800000,1,1.86620000,129.0200
1624238705045000,0,6.53000000,128.9900
1624238720996000,0,0.00463070,128.9900
1624238720996000,0,6.52536930,129.0000
1624238721116000,0,0.00536254,129.0000
1624238731409000,0,6.53000000,129.0000
1624238733714000,0,0.00073184,129.0000
1624238733714000,0,6.52926816,129.0000
1624238735698000,0,0.00146368,129.0000
1624238735698000,0,6.53072632,129.0000
1624238735717000,0,0.00000552,129.0000
1624238751209000,0,6.52000000,129.0500
1624238757874000,0,4.15000000,129.1300
1624238796747000,1,0.17277015,129.1600
1624238796747000,1,0.17277015,129.1600
1624238796747000,1,0.39624570,129.1500
1624238807137000,1,0.16600609,129.1400
1624238807137000,1,0.41501521,129.1400
1624238807137000,1,0.56397870,129.1400
1624238836243000,0,6.07000000,129.2800
1624238885067000,0,0.44000000,129.2800
1624238887106000,0,32.59827793,129.3000
1624238942095000,1,1.13215955,129.0700
1624238942095000,1,6.52255442,129.0600
1624238942095000,1,3.20000000,129.0400
1624238942095000,1,57.26536676,129.0300
1624239234182000,0,6.51000000,129.3600
1624239295836000,0,0.29641775,129.3500
1624239295851000,0,0.74104438,129.3500
1624239295929000,0,1.62970787,129.3500
1624239295929000,0,0.00643046,129.3600
1624239439777000,1,6.51740000,129.1800
1624239440726000,1,0.00003766,129.1800
1624239440726000,1,6.51743766,129.1800
1624239564284000,1,0.76097252,128.7500
1624239564284000,1,1.90302208,128.7300
1624239684478000,1,0.81065900,128.5400
1624239699024000,1,0.44500000,128.4800
1624239736495000,0,6.55087468,128.6700
1624239799943000,1,0.18714600,128.4600
1624239874086000,0,6.55188463,128.6400
1624239874086000,0,12.00000000,128.6400
1624239874086000,0,10.00000000,128.6600
1624239874086000,0,71.41428119,128.6700
1624239972235000,0,2.03201531,128.6800
1624240164138000,0,0.17646553,128.8300
1624240175682000,0,1.14769885,128.8300
1624240244235000,1,1.86598553,128.7400
1624240254953000,1,1.90294762,128.7600
1624240369708000,0,6.53184272,129.0600
1624240594643000,0,6.55236419,128.7100
1624240770585000,0,6.56000000,128.5200
1624240770697000,0,0.00255495,128.5200
1624240809771000,0,6.55448242,128.6900
1624240809918000,0,6.55448242,128.6900
1624240840519000,0,6.55000000,128.7800
1624241112593000,0,0.37922401,129.0100
1624241128096000,0,6.53000000,128.9700
1624241135360000,0,0.84000000,129.0100
1624241197846000,0,6.54000000,128.9300
1624241199878000,0,0.00150714,128.9300
1624241199878000,0,6.53849286,128.9300
1624241202675000,0,0.00301428,128.9300
1624241202675000,0,6.53698572,128.9300
1624241207801000,0,0.00452142,128.9300
1624241217562000,0,6.53000000,129.0200
1624241220557000,0,0.00751332,129.0200
1624241238539000,1,0.24572376,128.9900
1624241281916000,0,6.53000000,128.9300
1624241290391000,0,6.53000000,128.9700
1624241328845000,0,5.05000000,129.0000
1624241330929000,0,1.48000000,129.0000
1624241332980000,0,6.53000000,129.0400
1624241334977000,0,0.00520828,129.0400
1624241334977000,0,6.53479172,129.0400
1624241336986000,0,0.00041656,129.0400
1624241336986000,0,6.52958344,129.0400
1624241339914000,0,0.00562484,129.0400
1624241339914000,0,6.53437516,129.0400
1624241343908000,0,0.00083312,129.0400
1624241343908000,0,6.52916688,129.0400
1624241344003000,0,0.00604140,129.0400
1624241355999000,0,6.53000000,129.0900
1624241523789000,0,6.54000000,128.7600
1624241670220000,1,0.39159300,128.3500
1624242064188000,1,1.22763878,128.4500
1624242206600000,0,3.20000000,128.6900
1624242237305000,0,5.37650000,128.6400
1624242345502000,1,1.90982334,128.3500
1624242586545000,1,0.43217130,127.8000
1624242586545000,1,1.08042826,127.8000
1624242586545000,1,0.39524850,127.7300
1624242587154000,1,0.30000000,127.7400
1624242608507000,0,6.59204000,127.9100
1624242867746000,1,0.28246596,127.5900
1624242867746000,1,0.28246596,127.5800
1624242867746000,1,1.35084626,127.5600
1624242932427000,0,6.59352000,127.8600
1624242986695000,0,0.00000584,127.8600
1624242986695000,0,6.59133416,127.9100
1624243219439000,1,0.16014336,127.4700
1624243219439000,1,1.75854209,127.4700
1624243225082000,1,3.20000000,127.4100
1624243291952000,1,0.36889359,127.4200
1624243291952000,1,0.95110641,127.4200
1624243292021000,1,0.00792665,127.4200
1624243315942000,1,0.26634426,127.2700
1624243315942000,1,0.69250594,127.2700
1624243315942000,1,9.19116280,127.2700
1624243330464000,0,6.61880841,127.3900
1624243330464000,0,7.40296429,127.3900
1624243419449000,1,2.02000000,127.0800
1624243425270000,0,12.00000000,127.1800
1624243493012000,1,0.71985000,127.0500
1624243493150000,1,0.00000591,127.0500
1624243510894000,1,1.92428460,126.9600
1624243539943000,0,2.66106000,126.9700
1624243540190000,0,0.00000753,126.9700
1624243571277000,1,0.25325454,127.0500
1624243571277000,1,1.67103006,127.0500
1624243592088000,0,2.11195992,127.2300
1624243670601000,1,0.32903209,126.8500
1624243713069000,0,0.76234669,126.9300
1624243736107000,1,0.32623171,126.8300
1624243736107000,1,0.33283829,126.8100
1624243738800000,0,6.65049000,126.8500
1624243738920000,0,2.59112000,126.8600
1624243738958000,0,0.00000091,126.8600
1624243754377000,1,1.92964234,126.8400
1624243825522000,0,6.47621906,127.0700
1624243835971000,0,1.11924801,127.1500
1624243846344000,0,0.98493203,127.1800
1624243856726000,0,2.37288979,127.2300
1624243877092000,0,3.33450060,127.3100
1624243891030000,1,3.34153600,127.1900
1624244079414000,0,1.20915026,127.4100
1624244189803000,1,3.22124710,127.4400
1624244382012000,0,6.60950000,127.6700
1624244420875000,0,6.60000000,127.6800
1624244420916000,0,0.00707509,127.6800
1624244450594000,0,2.41804757,127.7100
1624244450594000,0,2.41799243,127.7100
1624244450722000,0,0.00001725,127.7100
1624244480662000,1,0.34248411,127.6300
1624244480662000,1,6.60114182,127.6200
1624244480662000,1,1.11364613,127.6200
1624244485642000,1,0.32991272,127.6200
1624244548494000,1,0.36727110,127.4200
1624244661560000,0,4.69499842,127.5700
1624244722508000,1,3.21476053,127.4900
1624244922951000,1,0.19841200,127.1500
1624245105218000,1,3.20000000,127.2300
1624245153909000,1,0.23100000,127.1100
1624245647192000,0,0.38920454,127.5100
1624246017003000,1,0.21621312,127.2300
1624246017003000,1,0.28378688,127.2200
1624246185804000,0,6.64449000,127.0300
1624246408536000,1,27.00000000,126.9700
1624246444066000,0,12.00000000,126.8100
1624246609110000,1,0.80833774,126.6100
1624246752648000,0,4.00241000,126.7200
1624246819331000,0,1.17203479,126.5300
1624246845543000,0,6.67293000,126.5100
1624246929995000,0,6.67580000,126.4400
1624246930080000,0,0.00008351,126.4400
1624246988368000,1,0.47420000,126.3400
1624247000516000,1,0.59584106,126.4000
1624247010878000,1,0.28942932,126.4000
1624247231717000,1,0.28914943,126.3900
1624247245819000,1,6.67900000,126.3400
1624247263901000,1,6.67617000,126.3900
1624247282230000,0,16.37720000,126.4900
1624247283225000,0,0.00009280,126.4900
1624247285567000,1,6.67141532,126.4900
1624247297741000,0,10.83310000,126.5900
1624247321475000,1,0.00000014,126.4900
1624247374147000,0,10.94646000,126.3500
1624247374226000,0,0.00000967,126.3500
1624247382160000,0,2.04260908,126.5600
1624247382160000,0,2.04238314,126.5600
1624247382160000,0,0.80855820,126.5700
1624247412545000,0,0.82854146,126.7400
1624247433406000,0,6.66708910,126.7200
1624247433406000,0,0.38263455,126.7200
1624247567572000,0,6.61160000,126.7400
1624247751609000,0,6.67085000,126.5400
1624247834414000,1,0.29300000,126.3500
1624247834513000,1,0.09807182,126.3500
1624247834513000,1,0.00001851,126.3400
1624247834513000,1,1.25490967,126.3400
1624247834604000,1,3.51457436,126.3400
1624247834718000,1,0.88000000,126.3500
1624247874811000,1,0.30332582,126.2300
1624247874811000,1,6.67996961,126.2200
1624247874811000,1,0.48510457,126.2200
1624247880478000,1,0.28588934,126.2300
1624247880478000,1,0.74333583,126.2200
1624247880478000,1,0.27990969,126.2100
1624247880478000,1,3.07766514,126.2100
1624247915258000,0,1.58468378,126.3000
1624247923203000,0,0.20585907,126.2800
1624248065517000,1,0.43582031,126.1700
1624248065517000,1,0.17439165,126.1700
1624248065517000,1,0.54877604,126.1600
1624248085708000,1,0.50000000,126.0000
1624248089591000,1,0.34149000,126.0000
1624248103007000,1,0.00000845,126.0000
1624248149902000,1,1.12613000,125.7800
1624248149921000,1,0.00000889,125.7800
1624248194448000,1,0.19759746,125.7600
1624248194448000,1,0.51381053,125.7600
1624248194448000,1,6.70364916,125.7600
1624248194448000,1,12.00000000,125.7400
1624248194448000,1,20.66100000,125.7400
1624248194448000,1,10.00000000,125.7400
1624248194448000,1,50.33576859,125.7300
1624248276882000,1,1.41640000,125.5700
1624248276894000,1,0.00008634,125.5700
1624248278289000,1,0.30244201,125.5100
1624248278289000,1,0.30444811,125.5000
1624248278301000,1,0.00000001,125.5000
1624248289902000,1,1.70394002,125.3600
1624248337765000,1,3.20000000,125.1700
1624248337765000,1,1.04425990,125.1500
1624248338061000,1,0.40000000,125.1500
1624248361602000,1,0.54827000,125.1500
1624248361972000,1,0.00000152,125.1500
1624248369970000,1,0.33076959,125.0900
1624248381743000,0,6.74000000,125.0800
1624248383820000,0,0.65826829,125.1300
1624248383820000,0,6.74445171,125.1300
1624248384916000,0,0.38000000,125.0300
1624248385383000,0,0.00270188,125.0300
1624248454584000,1,2.28230000,124.9300
1624248461328000,1,0.00000550,124.9300
1624248484047000,0,12.00000000,124.9800
1624248484047000,0,6.75268601,124.9900
1624248484047000,0,12.00000000,125.0000
1624248488861000,0,6.61481528,125.0500
1624248565611000,1,2.59210000,124.7200
1624248565713000,1,0.00000395,124.7200
1624248592215000,1,3.61000612,124.5800
1624248806205000,1,2.88645000,124.5100
1624248811538000,1,0.00000103,124.5100
1624248819745000,1,3.18204864,124.3000
1624248881034000,0,0.29313163,124.3200
1624248934384000,0,14.01600000,124.5800
1624248943631000,0,0.00003405,124.5800
1624248988049000,0,0.79518460,124.8200
1624249039531000,1,3.50060000,124.0800
1624249044786000,1,0.00002229,124.0800
1624249115773000,0,6.79687000,124.1500
1624249127701000,1,3.80060000,123.8700
1624249128341000,1,0.00001654,123.8700
1624249208210000,0,5.61000000,124.1800
1624249208324000,0,1.18731565,124.1800
1624249269742000,1,4.10190000,123.6600
1624249275766000,1,0.00000208,123.6600
1624249307909000,0,0.20970936,123.6700
1624249332412000,1,0.29700000,123.7200
1624249362113000,1,0.79720000,124.0100
1624249378269000,1,0.00000673,124.0100
1624249580579000,0,0.49631378,124.0000
1624249660682000,1,0.32881000,123.6600
1624249661922000,1,0.00000847,123.6600
1624249679883000,1,4.42211000,123.4500
1624249682410000,1,0.00000419,123.4500
1624249705157000,0,0.28227000,123.5100
1624249709557000,0,0.00000813,123.5100
1624249710470000,0,0.40154924,123.6600
1624249822427000,0,0.30634000,123.5200
1624249822562000,0,0.00000626,123.5200
1624249822562000,0,6.37636374,123.5200
1624249822587000,0,0.30634749,123.5200
1624250056919000,1,0.33538110,123.3700
1624250056923000,1,0.00000001,123.3700
1624250075902000,1,0.52991174,123.3800
1624250075902000,1,0.20390635,123.3700
1624250075902000,1,1.04414562,123.3700
1624250128189000,1,0.26062221,123.7600
1624250128189000,1,0.00000001,123.7600
1624250158241000,1,0.16817251,123.5200
1624250158299000,1,0.43456006,123.5100
1624250229447000,0,6.83240000,123.5400
1624250250201000,1,4.74844000,123.2300
1624250250231000,1,0.00000898,123.2300
1624250280478000,1,0.46821390,123.1600
1624250280478000,1,0.18008227,123.1600
1624250306924000,0,0.17050991,123.1400
1624250307236000,0,8.04922088,123.1400
1624250320434000,1,20.13700000,123.1100
1624250321250000,1,5.05626184,123.0200
1624250321250000,1,1.90000000,123.0200
1624250322560000,1,12.00000000,123.0200
1624250324311000,1,0.29071088,122.8200
1624250325097000,1,5.36541418,122.8100
1624250327834000,0,1.87741547,122.9300
1624250329504000,1,75.30828000,122.8200
1624250333822000,0,12.00000000,122.8700
1624250337467000,0,12.00000000,122.8000
1624250337467000,0,0.66274373,122.8100
1624250356316000,1,0.36550326,122.8600
1624250365049000,0,2.02000000,122.8100
1624250365968000,0,2.00000000,122.8400
1624250367199000,0,2.06000000,122.8700
1624250392857000,1,0.19404832,123.0100
1624250392857000,1,8.00854903,123.0000
1624250438583000,1,0.50066000,122.7700
1624250439340000,1,0.00000593,122.7700
1624250441792000,1,0.23191000,122.7400
1624250442098000,1,0.00000277,122.7400
1624250444318000,1,0.29707709,122.5900
1624250445047000,1,1.42288932,122.5900
1624250445163000,1,3.95594859,122.5900
1624250468677000,1,5.98777000,122.3800
1624250497571000,1,0.22166486,122.5300
1624250497571000,1,0.28968672,122.5300
1624250502948000,0,6.89048000,122.5500
1624250510924000,1,0.19681365,122.4400
1624250510924000,1,0.49196187,122.4400
1624250510924000,1,1.27922448,122.4400
1624250513124000,1,1.20899826,122.3700
1624250513124000,1,0.18599973,122.3700
1624250513124000,1,0.46470201,122.3700
1624250546279000,0,6.88450000,122.6500
1624250546346000,0,0.00003869,122.6500
1624250559972000,1,0.20244112,122.6900
1624250650946000,0,20.25600000,123.2900
1624250651011000,1,4.75048876,123.2900
1624250667175000,1,12.00000000,123.2700
1624250673576000,0,5.62720000,123.2700
1624250673864000,0,1.22168000,123.2700
1624250696945000,0,1.29906000,123.4800
1624250701772000,0,0.00000792,123.4800
1624250703301000,0,0.00000701,123.5400
1624250762848000,1,0.39620813,123.7500
1624250762848000,1,0.99051187,123.7500
1624250762911000,1,0.00000845,123.7500
1624250762911000,1,1.38669155,123.7500
1624250763147000,1,1.10008795,123.7500
1624250764765000,0,8.00507643,123.7500
1624250834672000,0,0.24063748,123.6100
1624250917356000,0,5.00000000,123.3300
1624250952909000,1,1.68830000,123.3300
1624250992668000,0,3.20000000,123.4900
1624251011595000,1,10.89544276,123.4700
1624251039934000,1,0.32953000,123.4600
1624251073036000,1,0.00000151,123.4600
1624251075061000,0,1.38014074,123.4100
1624251122893000,1,0.17124276,123.1900
1624251122893000,1,0.23017524,123.1900
1624251143908000,0,0.88492499,123.3700
1624251240530000,0,6.84570000,123.2800
1624251365970000,0,3.27883595,124.1000
1624251366091000,0,6.25556599,124.1500
1624251381844000,0,0.39977018,124.2300
1624251389602000,0,4.55877616,124.2000
1624251399334000,0,6.79321806,124.2500
1624251399334000,0,0.49741599,124.2800
1624251416527000,0,1.86185880,124.4500
1624251435780000,1,4.82325000,124.4700
1624251435833000,1,0.00000058,124.4700
1624251445959000,1,16.93210000,124.3300
1624251446081000,1,0.00009657,124.3300
1624251571234000,0,6.77900000,124.5000
1624251612336000,1,1.47475069,124.3900
1624251667127000,1,0.51040688,124.9100
1624251697739000,1,0.37400000,124.9900
1624251697853000,1,1.99098741,124.9900
1624251720322000,0,2.65231344,125.1100
1624251722605000,1,10.00000000,125.0000
1624251731951000,0,0.31882894,125.0600
1624251748391000,0,1.46443333,125.2900
1624251753735000,0,4.23304000,125.3000
1624251755645000,0,0.00000914,125.3000
1624251777410000,1,1.61360000,125.1700
1624251802852000,1,0.45360530,125.3100
1624251802852000,1,6.27249470,125.3000
1624251819474000,1,0.44771763,125.3300
1624251819474000,1,3.15405649,125.3200
1624251819925000,1,3.57087497,125.3200
1624251819925000,1,0.03089915,125.2700
1624251835228000,1,6.72620000,125.3200
1624251846175000,1,0.00004474,125.3200
1624251849293000,0,12.00000000,125.2700
1624251849293000,0,2.10638008,125.2800
1624251960339000,0,3.95146483,124.8000
1624251983151000,0,1.32692923,124.9200
1624252049008000,0,12.00000000,125.0600
1624252049008000,0,29.79736014,125.0800
1624252088816000,0,10.00000000,124.9000
1624252088816000,0,5.95361804,124.9000
1624252125197000,1,0.54707000,124.8700
1624252125414000,1,0.00000641,124.8700
1624252125414000,1,0.54705014,124.8600
1624252125414000,1,1.36761345,124.8600
1624252205819000,0,3.00000000,124.9000
1624252222349000,1,0.50250000,124.9500
1624252222512000,1,0.00000560,124.9500
1624252222512000,1,0.50250560,124.9400
1624252222512000,1,3.26600880,124.9400
1624252222566000,1,0.00001635,124.9400
1624252229411000,1,0.46488556,124.9000
1624252229411000,1,0.69751444,124.8900
1624252252171000,1,0.72724055,124.6700
1624252252171000,1,0.29089622,124.6700
1624252252171000,1,1.89066323,124.6700
1624252252611000,1,0.00016219,124.6700
1624252264630000,1,0.99999888,124.6100
1624252272733000,0,1.20462104,124.6800
1624252278715000,1,1.90914000,124.5500
1624252278885000,1,0.00000022,124.5500
1624252278885000,1,0.29371859,124.5500
1624252278885000,1,0.73428119,124.5500
1624252279107000,1,0.00001529,124.5500
1624252284837000,1,0.16906200,124.3300
1624252303142000,1,0.49000000,124.1800
1624252303237000,1,0.36800000,124.1800
1624252307310000,0,1.03614731,124.2600
1624252367394000,1,0.26359000,123.7500
1624252367464000,1,0.00000651,123.7500
1624252379918000,1,2.00000000,123.7300
1624252435026000,1,0.27551455,123.7000
1624252435026000,1,8.01157342,123.6900
1624252512187000,0,1.59323447,124.0400
1624252594925000,1,5.00000000,123.2300
1624252594925000,1,6.84293389,123.1800
1624252594925000,1,25.90693144,123.1400
1624252601766000,1,12.00000000,123.0900
1624252601766000,1,12.00000000,123.0700
1624252601766000,1,0.17634781,123.0700
1624252601766000,1,6.84879603,123.0600
1624252601766000,1,1.92000000,123.0500
1624252601766000,1,18.84200000,123.0400
1624252601772000,0,10.00000000,123.0400
1624252601824000,0,23.22723200,123.0400
1624252622468000,0,12.69914000,123.2700
1624252628489000,0,0.00000743,123.2700
1624252680120000,0,0.40249368,123.5100
1624252716390000,1,0.37292826,123.7000
1624252716390000,1,2.42394174,123.7000
1624252722997000,0,1.00000000,123.8200
1624252735051000,1,1.89647659,123.5900
1624252735051000,1,0.29176563,123.5900
1624252735051000,1,0.32147778,123.5900
1624252752238000,0,4.25232058,123.8100
1624252752274000,0,1.60567730,123.8100
1624252778390000,0,10.29702650,123.7600
1624252788305000,0,0.80801551,123.7100
1624252804146000,0,6.83743000,123.5300
1624252872353000,0,0.40167925,123.4400
1624252964277000,0,18.75717000,123.7100
1624252964433000,0,12.00000000,123.7100
1624252964493000,0,6.01850000,123.7100
1624252964530000,0,33.00000000,123.7100
1624252964612000,0,17.00000000,123.7100
1624252964690000,0,13.00000000,123.7100
1624252964787000,0,24.00000000,123.7100
1624252964801000,0,48.00000000,123.7100
1624252964823000,0,48.00000000,123.7100
1624252964866000,0,7.35963000,123.7100
1624252972788000,0,0.40119216,123.9000
1624252977595000,1,6.79004258,123.8300
1624252996012000,1,0.28128714,123.6100
1624252996012000,1,1.30637165,123.6100
1624253073950000,0,0.50000000,123.4500
1624253093632000,1,2.39828185,123.4500
1624253093632000,1,2.39827815,123.4500
1624253116580000,1,1.98259959,123.5500
1624253131592000,1,6.24918101,123.5100
1624253131592000,1,2.35819899,123.5100
1624253132086000,1,0.00000783,123.5100
1624253132086000,1,14.16564217,123.4800
1624253132407000,1,2.01725000,123.4800
1624253180904000,1,12.00000000,123.6400
1624253180904000,1,2.32004681,123.6300
1624253180904000,1,5.80022890,123.6300
1624253180904000,1,6.81980371,123.6300
1624253180920000,0,0.35000000,123.6200
1624253180994000,0,10.00000000,123.6200
1624253181034000,0,2.00000000,123.6200
1624253181094000,0,5.70992058,123.6200
1624253255123000,1,1.27720039,123.8100
1624253255123000,1,3.19288961,123.8100
1624253358212000,1,0.55801396,123.5700
1624253358212000,1,0.36042528,123.5700
1624253358970000,0,0.96329403,123.7000
1624253379358000,0,2.87257982,123.8100
1624253409745000,0,6.82694401,123.9400
1624253420333000,0,0.70484451,123.9500
1624253468822000,1,0.61758000,124.0300
1624253540475000,0,1.00000000,124.1800
1624253540743000,1,0.38091630,124.0800
1624253540743000,1,0.99038237,124.0400
1624253540743000,1,0.60155563,124.0200
1624253583277000,1,0.41724384,124.0500
1624253583277000,1,1.25995616,124.0400
1624253583278000,1,5.53617416,124.0400
1624253583305000,1,10.00000000,124.0200
1624253583327000,1,23.15754082,124.0000
1624253583329000,1,10.82554693,124.0000
1624253583329000,1,3.20000000,123.9700
1624253583329000,1,9.13199389,123.9600
1624253583330000,1,23.15754082,123.9600
1624253583356000,1,10.00000000,123.9700
1624253583356000,1,13.15872819,123.9500
1624253583367000,1,0.70716396,123.9500
1624253583644000,1,0.41724384,123.9600
1624253584175000,1,9.80000000,123.7800
1624253584175000,1,1.96000000,123.7400
1624253584175000,1,0.41724384,123.7400
1624253584175000,1,10.00000000,123.7300
1624253584786000,1,10.00000000,123.7500
1624253584786000,1,12.00000000,123.7500
1624253595905000,1,0.31246994,123.6500
1624253596131000,1,7.50000000,123.6400
1624253621951000,1,2.02181780,123.6500
1624253665361000,1,11.39508000,123.6600
1624253665440000,1,14.06363544,123.6600
1624253772609000,0,8.07747454,124.1700
1624253778467000,0,1.55540559,124.1700
1624253778669000,0,0.66414000,124.1700
1624253801405000,0,4.82000000,124.1000
1624253810547000,0,0.00000637,124.1700
1624253811884000,1,0.25751120,124.1900
1624253811884000,1,0.61739116,124.1900
1624253823832000,1,16.66414000,124.2000
1624253877636000,1,25.83040000,124.0900
1624253947539000,0,3.20000000,124.3800
1624253951589000,1,1.03276066,124.3500
1624254001072000,0,2.00000000,124.5000
1624254046317000,0,1.18991903,124.4500
1624254123778000,1,2.13236894,124.4500
1624254194014000,0,0.39167750,124.7400
1624254239523000,0,0.83501115,124.8400
1624254250196000,1,6.76120000,124.7000
1624254260556000,0,1.51988887,124.7700
1624254344656000,0,11.58160504,124.5100
1624254445763000,1,0.67182765,124.1700
1624254461356000,0,0.24012549,124.3100
1624254544258000,0,6.76390000,124.8100
1624254545196000,0,3.20000000,124.8000
1624254561678000,0,0.00003302,124.8100
1624254561678000,0,6.76171905,124.8200
1624254561678000,0,33.81144497,124.8500
1624254561678000,0,96.20269908,124.8900
1624254561851000,1,6.50000000,124.8900
1624254564182000,0,1.94000000,124.9000
1624254577295000,1,0.28654092,124.8900
1624254586182000,0,1.93327407,124.8000
1624254680462000,0,0.35828595,124.7600
1624254697535000,1,2.00000000,124.6300
1624254748048000,0,7.95630803,124.8400
1624254750073000,0,0.23868924,124.8400
1624254771857000,0,1.00000000,124.7200
1624254805839000,0,3.20000000,124.8700
1624254820991000,0,4.94202220,124.9800
1624254825017000,1,8.71962632,124.8000
1624254939721000,0,0.23293517,125.0100
1624254955043000,0,6.30555555,124.9200
1624255005901000,1,6.74970000,124.8800
1624255021393000,0,8.02233476,124.9300
1624255117235000,0,0.39422076,124.8800
1624255184651000,0,0.79435728,124.9300
1624255221402000,0,2.86977895,124.7700
1624255269617000,0,1.30000000,124.6500
1624255293020000,1,2.90064621,124.6300
1624255308443000,0,12.00000000,124.7500
1624255308443000,0,3.57260063,124.7600
1624255311861000,1,1.40000000,124.5800
1624255311960000,0,0.95564313,124.7200
1624255349949000,0,0.39202290,124.7000
1624255432722000,0,3.95207639,124.6700
1624255451741000,1,0.23465090,124.5700
1624255500474000,0,3.20000000,124.8900
1624255549613000,1,12.00000000,125.1400
1624255549613000,1,6.73182441,125.1400
1624255549613000,1,2.77438306,125.0900
1624255550690000,0,1.96962707,125.2800
1624255553521000,0,1.00000000,125.2200
1624255778157000,0,66.08654000,125.7400
1624255778201000,0,22.87540000,125.7400
1624255778306000,0,42.81286000,125.7400
1624255780063000,0,1.50650016,125.7900
1624255794951000,0,0.27614687,125.8400
1624255804932000,1,12.00000000,125.7700
1624255874985000,1,0.29085106,125.3000
1624255897567000,0,4.51443151,125.4200
1624255915816000,0,0.38225698,125.4600
1624256071502000,0,6.71688419,125.5400
1624256071805000,0,0.36000000,125.5400
1624256107232000,1,4.72750676,125.4700
1624256195148000,0,0.25391558,125.4500
1624256217694000,1,2.08500000,125.2400
1624256264965000,0,6.72515576,125.3900
1624256281677000,1,10.53801000,125.5700
1624256281896000,1,13.00000000,125.5800
1624256302506000,0,2.06889196,125.5000
1624256339578000,1,13.00000000,125.2000
1624256515299000,0,3.53168888,125.0700
1624256528275000,0,12.00000000,125.0500
1624256528275000,0,10.00000000,125.0500
1624256528275000,0,58.00000000,125.0600
1624256545765000,0,6.75533000,124.8400
1624256572713000,0,0.79505721,124.7500
1624256729147000,0,0.80030000,124.5500
1624256729946000,0,0.80030000,124.5500
1624256730426000,0,0.80030000,124.5400
1624256730622000,0,0.80030000,124.5400
1624256730897000,0,0.80030000,124.5400
1624256731295000,0,0.80030000,124.5400
1624256731798000,0,0.80030000,124.5500
1624256732081000,0,0.80030000,124.5400
1624256732338000,0,0.80030000,124.5400
1624256732450000,0,0.80030000,124.5400
1624256732704000,0,0.80030000,124.5400
1624256733464000,0,0.80030000,124.5500
1624256733844000,0,0.80030000,124.5500
1624256734290000,0,0.80030000,124.5500
1624256734850000,0,0.80030000,124.5500
1624256734985000,0,0.80030000,124.5500
1624256811777000,0,0.80030000,124.6200
1624256817888000,0,6.44920000,124.5400
1624256840136000,1,3.20000000,124.4000
1624256841565000,1,2.04000000,124.3700
1624256842357000,1,2.00000000,124.3400
1624256843072000,0,0.80030000,124.4800
1624256843778000,0,0.80030000,124.4400
1624256844415000,0,0.80030000,124.4300
1624256845096000,0,0.80030000,124.3900
1624256845421000,0,2.50349999,124.4300
1624256845807000,0,0.80030000,124.3700
1624256846014000,0,2.30920000,124.3700
1624256846328000,0,0.80030000,124.3600
1624256846587000,0,2.04000000,124.3400
1624256846587000,0,0.40400000,124.3500
1624256846971000,0,0.80030000,124.3100
1624256847075000,0,1.11970000,124.3100
1624256847075000,0,0.40400000,124.3400
1624256847075000,0,0.86030000,124.3400
1624256847259000,0,0.80030000,124.3400
1624256847761000,0,1.87180000,124.2700
1624256848835000,0,0.80030000,124.2700
1624256849039000,0,0.40760000,124.2700
1624256849040000,0,0.80030000,124.2700
1624256879393000,1,2.06000000,123.0600
1624256881850000,1,10.00000000,123.0000
1624256911087000,1,0.71498000,122.7800
1624256911344000,1,0.00000800,122.7800
1624256911344000,1,5.48119200,122.7000
1624256911635000,1,0.00000800,122.7000
1624256914374000,1,6.30555555,122.3900
1624256916922000,1,2.02000000,122.3500
1624256917258000,1,2.04000000,122.2800
1624256918427000,1,5.70030280,122.1900
1624256918722000,1,5.80990000,122.1700
1624256919153000,1,0.00004984,122.1700
1624256919933000,1,0.33907728,122.0500
1624256920093000,1,6.14000000,122.0000
1624256920476000,1,2.78432352,121.9600
1624256920557000,1,3.73197491,121.9600
1624256920557000,1,1.98000000,121.9600
1624256921416000,1,12.00000000,121.9100
1624256923074000,1,12.00000000,121.8000
1624256925022000,1,6.82750000,121.7400
1624256925603000,0,8.15978828,122.0000
1624256925635000,1,0.00003968,121.7400
1624256925796000,1,0.34000000,121.6700
1624256925896000,1,0.00006713,121.6700
1624256926479000,1,7.14010000,121.5300
1624256928862000,1,90.00000000,121.5400
1624256929225000,1,0.00005324,121.5300
1624256929225000,1,7.45414800,121.3200
1624256929308000,1,0.30000000,121.2500
1624256934097000,1,0.35000000,121.1800
1624256935441000,1,6.26190000,121.1100
1624256935883000,1,1.50760000,121.1100
1624256936086000,1,0.00003288,121.1100
1624256936121000,1,0.73607844,121.0800
1624256936121000,1,1.26392156,121.0600
1624256936334000,1,0.73607844,121.0600
1624256936627000,1,4.04190082,121.0000
1624256936627000,1,4.22471783,121.0000
1624256936627000,1,1.83157024,121.0000
1624256936627000,1,0.99991111,121.0000
1624256936862000,1,0.00008889,121.0000
1624256937407000,1,3.20000000,120.9300
1624256937420000,0,2.04000000,121.0300
1624256937420000,0,1.96000000,121.0900
1624256937420000,0,2.08000000,121.1300
1624256937420000,0,0.18190000,121.1500
1624256937434000,1,8.08630000,120.8900
1624256937740000,1,0.00001685,120.8900
1624256937740000,1,0.97014011,120.8500
1624256937740000,1,8.10305071,120.8300
1624256937783000,1,1.69694929,120.8300
1624256939739000,1,8.40450000,120.6800
1624256946523000,0,78.00000000,121.1400
1624256950886000,0,0.46441800,121.6000
1624256958230000,0,90.00000000,121.6900
1624256959689000,0,2.04000000,121.8900
1624256965883000,0,1.92000000,121.7200
1624256965883000,0,0.12000000,121.7300
1624256967616000,0,2.00000000,121.5900
1624256969980000,0,5.93290000,121.7200
1624256977416000,0,2.00000000,121.4200
1624256977461000,0,6.95350000,121.4200
1624256977865000,0,6.04650000,121.4200
1624256979537000,1,1.98000000,121.4500
1624256980505000,1,2.00000000,121.4300
1624256980505000,1,1.98000000,121.4200
1624256982073000,0,2.04000000,121.4400
1624256982073000,0,4.91352000,121.4400
1624256982607000,0,2.00000000,121.3800
1624256986901000,0,2.00000000,121.0900
1624256988912000,1,0.80801551,121.0600
1624256993266000,0,12.00000000,120.9800
1624256996922000,1,1.98000000,121.3300
1624257007211000,1,2.06000000,121.1300
1624257007211000,1,12.00000000,121.1300
1624257007211000,1,1.14519000,121.1200
1624257009864000,1,1.14519000,121.1300
1624257009870000,0,0.85481000,121.1300
1624257029485000,1,1.92000000,120.8400
1624257031253000,1,0.25491334,120.5900
1624257032785000,1,8.77472000,120.5000
1624257033011000,1,1.22528000,120.5000
1624257033197000,1,8.77472260,120.4700
1624257033476000,1,1.00000000,120.3500
1624257033768000,1,9.09762028,120.2600
1624257035561000,1,5.00000000,120.2000
1624257036709000,1,1.00000000,120.1000
1624257038687000,1,9.42190000,120.0400
1624257038769000,1,0.00006171,120.0400
1624257039741000,1,37.73897598,120.0100
1624257039741000,1,0.20000000,120.0000
1624257039741000,1,4.00000000,120.0000
1624257039741000,1,1.80250000,120.0000
1624257039741000,1,3.50000000,120.0000
1624257039741000,1,1.00000000,120.0000
1624257039741000,1,27.35752402,120.0000
1624257040374000,1,2.77651680,120.0000
1624257040485000,1,1.32101278,120.0000
1624257040521000,1,8.54494640,120.0000
1624257040521000,1,67.05405360,120.0000
1624257040541000,1,5.00000000,120.0000
1624257040787000,1,37.94594640,120.0000
1624257040787000,1,0.50000000,120.0000
1624257040787000,1,1.00000000,120.0000
1624257040787000,1,0.83000000,120.0000
1624257040787000,1,10.00000000,120.0000
1624257040787000,1,0.34479973,120.0000
1624257040787000,1,2.00000000,120.0000
1624257040787000,1,1.00000000,120.0000
1624257040787000,1,0.20000000,120.0000
1624257040787000,1,1.00000000,120.0000
1624257040787000,1,10.00000000,120.0000
1624257040787000,1,0.62925387,120.0000
1624257040838000,1,0.00845040,120.0000
1624257040838000,1,9.74775618,119.8300
1624257040838000,1,0.28000000,119.8200
1624257040838000,1,25.68775798,119.6600
1624257041228000,1,10.07501301,119.6200
1624257041680000,1,12.00000000,119.6600
1624257042018000,1,12.00000000,119.6800
1624257042956000,1,0.30349772,119.5000
1624257042956000,1,27.60119901,119.4100
1624257042956000,1,10.00000000,119.4100
1624257042956000,1,10.40374159,119.4000
1624257042956000,1,27.29056168,119.3800
1624257043404000,1,20.64000000,119.4000
1624257044077000,1,39.87503000,119.6600
1624257044077000,1,12.00000000,119.3900
1624257044889000,0,0.45063743,119.7300
1624257047731000,0,0.44000000,119.7300
1624257047731000,0,0.23754894,119.7800
1624257047731000,0,5.00000000,119.7800
1624257050684000,0,10.00000000,119.8700
1624257050749000,0,27.20110000,119.8800
1624257050762000,0,61.79890000,119.8800
1624257051922000,0,1.56000000,119.9600
1624257052122000,0,0.42000000,119.9700
1624257055227000,0,2.62155123,120.0000
1624257060239000,0,22.72360000,120.0700
1624257060239000,0,10.00000000,120.0700
1624257060239000,0,5.00380000,120.0800
1624257063100000,1,1.98000000,119.6300
1624257065772000,0,1.96000000,119.5800
1624257065772000,0,1.92000000,119.6000
1624257065772000,0,6.12000000,119.6300
1624257065865000,0,15.00000000,119.5000
1624257065865000,0,2.06000000,119.6300
1624257065865000,0,8.39384000,119.7000
1624257066145000,0,2.27365000,119.5300
1624257067790000,0,0.74441207,119.4200
1624257070063000,1,2.00000000,119.2400
1624257071168000,1,10.73390000,119.1900
1624257071275000,1,0.00005138,119.1900
1624257071630000,1,10.45201680,119.0000
1624257071630000,1,2.00000000,119.0000
1624257071630000,1,1.05142857,119.0000
1624257071630000,1,11.06565187,118.9800
1624257071630000,1,20.64000000,118.8600
1624257071630000,1,54.79090276,118.8500
1624257071748000,1,10.00000000,118.8600
1624257071748000,1,55.00000000,118.8500
1624257078348000,0,2.06000000,119.2000
1624257078348000,0,10.00000000,119.2000
1624257078503000,0,2.06000000,119.2000
1624257078713000,0,10.00000000,119.2000
1624257078713000,0,79.00000000,119.2100
1624257078716000,0,4.42650000,119.2100
1624257078848000,0,5.57350000,119.2100
1624257078872000,0,2.02000000,119.2400
1624257078872000,0,2.00000000,119.2800
1624257080031000,0,0.99737004,119.3200
1624257080386000,1,1.92000000,119.2800
1624257083872000,1,2.00000000,119.2200
1624257085403000,0,1.98000000,119.4500
1624257085403000,0,0.04000000,119.4600
1624257090658000,1,2.02000000,119.4600
1624257091122000,1,1.94000000,119.2900
1624257091320000,0,0.16750377,119.4200
1624257094745000,1,1.98000000,119.5600
1624257095110000,1,0.02000000,119.5600
1624257095110000,1,1.94000000,119.5300
1624257095110000,1,7.04490919,119.5100
1624257095110000,1,10.00000000,119.4100
1624257095110000,1,2.04000000,119.4000
1624257095110000,1,2.12637500,119.3400
1624257096762000,1,2.00000000,119.4500
1624257100438000,0,2.14000000,119.6600
1624257101119000,0,1.07128000,119.5300
1624257103070000,0,0.83731255,119.3700
1624257104072000,0,1.92000000,119.3500
1624257107569000,0,2.02000000,119.5500
1624257107569000,0,27.49010000,119.5900
1624257107569000,0,12.00000000,119.6000
1624257107569000,0,1.92000000,119.6100
1624257107569000,0,1.92000000,119.6400
1624257107569000,0,12.00000000,119.6600
1624257107569000,0,15.00000000,119.7200
1624257107569000,0,7.62636983,119.7300
1624257107570000,1,0.02353017,119.7900
1624257125916000,0,0.91265819,119.7900
1624257126491000,0,9.65534540,119.7900
1624257128002000,0,2.00000000,119.8400
1624257128511000,0,1.96000000,119.8700
1624257135444000,0,0.29007030,120.1000
1624257142285000,0,31.00000000,120.0000
1624257142366000,0,1.43362000,120.0000
1624257142502000,0,0.83451518,120.1700
1624257142999000,1,2.04000000,119.8900
1624257143208000,1,2.06000000,119.8400
1624257156403000,1,2.02000000,119.9200
1624257159637000,1,7.03940000,119.7100
1624257167700000,0,2.02000000,120.0000
1624257172647000,0,0.40693144,120.1500
1624257190436000,0,1.00000000,120.1700
1624257200428000,1,2.06000000,120.1100
1624257202079000,1,1.90000000,119.8600
1624257202079000,1,7.02899755,119.8600
1624257202079000,1,10.00000000,119.7600
1624257202079000,1,1.07100245,119.7500
1624257207393000,0,0.29814892,120.3000
1624257226837000,1,1.92000000,120.3400
1624257242499000,0,0.65645439,120.6900
1624257256495000,0,0.41136829,120.5400
1624257296667000,0,7.02246000,120.1700
1624257307779000,1,1.94000000,119.6600
1624257335050000,1,2.04000000,119.2000
1624257339634000,1,7.14831622,118.8600
1624257341083000,1,11.39885000,118.7700
1624257341496000,1,0.00000263,118.7700
1624257343932000,1,11.73356329,118.5500
1624257347693000,1,0.45473382,118.5300
1624257348497000,1,0.46808641,118.5100
1624257350039000,1,12.00000000,118.3400
1624257350039000,1,12.55129317,118.3400
1624257352228000,0,2.04000000,118.4700
1624257352228000,0,4.10977825,118.5200
1624257360944000,1,1.94000000,118.4000
1624257363376000,0,1.92000000,118.6000
1624257366188000,0,1.96000000,118.6500
1624257366550000,0,1.96000000,118.6800
1624257375391000,1,3.88073322,118.6000
1624257385499000,1,0.82244625,118.2100
1624257385499000,1,12.90252700,118.1300
1624257385499000,1,1.94000000,118.0200
1624257385499000,1,7.13175493,118.0100
1624257385499000,1,10.00000000,118.0100
1624257385499000,1,1.00000000,118.0000
1624257385499000,1,1.00000000,118.0000
1624257385499000,1,0.85000000,118.0000
1624257385499000,1,13.90976041,118.0000
1624257410406000,1,12.34290000,117.9200
1624257410651000,1,0.91246139,117.9200
1624257410821000,1,1.94000000,117.8800
1624257412676000,0,2.06000000,118.0200
1624257412698000,0,12.94000000,118.0200
1624257412698000,0,1.12000000,118.0300
1624257412792000,0,0.94000000,118.0300
1624257412792000,0,1.12000000,118.0400
1624257412925000,0,0.94000000,118.0400
1624257412925000,0,1.06000000,118.0500
1624257413139000,1,2.00000000,117.9200
1624257413139000,1,0.70090622,117.7600
1624257435139000,0,1.94000000,118.6400
1624257435139000,0,0.15433960,118.6900
1624257451215000,0,26.00400000,118.8300
1624257454122000,0,2.06000000,118.8800
1624257454569000,0,2.02000000,118.9100
1624257465246000,1,1.94000000,119.0500
1624257465788000,1,1.94000000,118.9900
1624257466564000,1,12.00000000,118.9500
1624257502045000,1,2.06000000,118.9000
1624257502045000,1,2.06000000,118.8900
1624257502045000,1,1.83197604,118.8900
1624257510810000,0,1.66451354,119.1600
1624257523814000,1,1.98000000,119.0100
1624257524754000,1,1.98000000,118.9100
1624257525727000,1,14.00000000,118.8100
1624257531312000,0,2.83741642,119.0300
1624257531312000,0,1.73479226,119.0300
1624257538679000,0,2.83713843,119.0400
1624257538679000,0,2.02000000,119.0800
1624257538679000,0,5.53501924,119.0900
1624257543932000,0,0.83484685,118.9700
1624257549538000,0,1.94000000,119.0800
1624257561398000,1,6.83161358,119.0000
1624257561911000,0,0.41675740,119.2000
1624257574339000,0,1.94000000,119.4600
1624257574675000,0,27.64715000,119.5000
1624257574845000,0,0.00000993,119.5000
1624257600280000,0,1.13610538,119.5600
1624257602420000,0,0.84389462,119.5200
1624257636113000,0,1.24192871,119.6800
1624257654687000,0,1.94000000,119.7100
1624257664720000,0,0.41456412,119.6100
1624257671131000,0,1.94000000,119.3500
1624257706183000,0,0.23831178,119.0600
1624257707165000,0,0.70879000,119.0700
1624257708468000,0,0.00000098,119.0700
1624257720352000,0,0.70865328,119.0500
1624257720352000,0,0.15613619,119.1000
1624257722386000,0,0.41623309,119.0500
1624257727660000,0,0.70882380,119.0100
1624257732655000,0,0.70846000,119.0800
1624257733567000,0,0.00000003,119.0800
1624257745831000,0,1.24922358,119.1200
1624257781488000,1,2.06000000,118.6900
1624257781488000,1,7.09517744,118.6800
1624257781493000,1,6.09470000,118.6700
1624257781509000,1,23.27441415,118.6400
1624257784612000,1,1.94000000,118.5300
1624257785933000,0,0.25039090,118.5100
1624257786490000,0,0.41127785,118.5000
1624257791911000,0,2.85566000,118.2400
1624257792239000,0,0.00000445,118.2400
1624257798854000,0,0.42159000,118.2400
1624257801973000,0,2.14183000,118.2700
1624257810603000,1,11.16730000,117.8000
1624257811120000,1,14.62399000,117.8000
1624257811991000,1,13.68767000,117.7000
1624257815213000,0,1.94000000,117.8100
1624257822863000,1,0.00000313,117.7000
1624257825595000,0,0.88448971,117.6400
1624257827296000,1,14.04577672,117.4900
1624257828877000,0,0.42373000,117.6300
1624257833120000,1,14.40552124,117.2800
1624257838061000,1,14.76690000,117.0700
1624257838655000,1,0.00001723,117.0700
1624257838655000,1,6.41000000,117.0000
1624257838655000,1,1.00000000,117.0000
1624257838655000,1,3.26038277,117.0000
1624257838744000,1,0.00004877,117.0000
1624257838744000,1,0.24995123,116.8800
1624257838791000,1,1.73004877,116.8800
1624257838791000,1,2.84215991,116.8600
1624257839420000,1,15.12997000,116.8500
1624257842344000,1,0.00000530,116.8500
1624257846339000,0,2.04000000,117.1100
1624257847508000,0,1.88000000,117.1600
1624257849270000,0,2.15834000,117.4100
1624257852704000,0,12.00000000,117.4000
1624257852968000,0,0.00000703,117.4100
1624257854112000,1,12.00000000,117.4200
1624257863431000,1,1.92000000,117.1600
1624257864971000,0,2.16125519,117.2000
1624257864971000,0,3.72550215,117.2000
1624257865487000,1,1.96000000,117.0100
1624257865487000,1,2.35401519,117.0100
1624257865537000,1,1.96000000,117.0100
1624257865695000,1,7.68598481,117.0100
1624257870188000,0,2.88700648,117.0300
1624257873582000,0,2.88370000,117.1700
1624257875716000,0,10.00000000,117.1600
1624257875716000,0,8.81629064,117.1700
1624257882562000,0,2.88620000,117.0600
1624257882786000,0,0.00006856,117.0600
1624257884060000,0,0.22511928,117.0600
1624257884728000,1,2.06000000,116.8800
1624257887895000,1,2.12000000,116.6700
1624257888111000,1,2.82270000,116.6400
1624257888401000,1,12.67200613,116.6400
1624257888907000,1,0.23000000,116.5600
1624257890017000,1,15.86112045,116.4300
1624257890017000,1,12.00000000,116.4300
1624257891210000,0,0.17167124,116.5500
1624257894394000,1,1.90000000,116.2300
1624257894394000,1,12.00000000,116.2200
1624257894394000,1,10.50000000,116.2100
1624257896501000,0,12.00000000,116.3600
1624257896501000,0,1.98000000,116.3700
1624257896501000,0,1.98000000,116.3900
1624257896501000,0,12.00000000,116.4100
1624257896501000,0,2.00000000,116.4200
1624257896501000,0,10.00000000,116.4200
1624257896501000,0,60.70123851,116.4300
1624257897745000,0,2.00000000,116.4300
1624257897771000,0,4.10620000,116.4300
1624257897772000,0,16.19256149,116.4300
1624257898907000,0,2.17570000,116.4500
1624257900050000,1,12.00000000,116.3500
1624257901022000,1,88.00000000,116.2400
1624257901121000,1,5.72920000,116.2100
1624257901413000,0,1.98000000,116.4200
1624257901413000,0,0.00009190,116.4500
1624257901413000,0,10.33990810,116.4500
1624257902158000,1,12.00000000,116.2500
1624257902344000,0,1.94000000,116.2800
1624257902344000,0,0.96109000,116.3500
1624257902425000,1,0.00002911,116.2100
1624257902425000,1,0.36372089,116.0700
1624257902913000,0,2.17579000,116.3500
1624257904547000,1,0.37499999,116.0800
1624257904742000,1,1.20000000,116.0800
1624257906460000,1,12.00000000,116.0100
1624257906460000,1,0.86206897,116.0000
1624257906460000,1,3.56667057,116.0000
1624257907482000,1,0.36375000,116.0100
1624257907549000,1,6.43332943,116.0000
1624257907549000,1,4.96272057,116.0000
1624257907899000,1,11.63000000,116.0000
1624257907979000,1,0.00632241,116.0000
1624257911764000,1,16.97057304,115.7900
1624257917454000,1,2.00000000,115.7500
1624257918453000,1,2.63107504,115.6500
1624257919760000,0,1.94000000,115.9300
1624257921540000,0,35.00000000,116.0600
1624257923367000,0,48.00000000,116.2100
1624257923660000,0,38.04740000,116.2100
1624257923956000,0,0.00002236,116.2100
1624257925002000,1,2.06000000,116.2400
1624257925583000,1,1.92000000,116.1900
1624257929138000,1,2.00000000,116.2500
1624257930625000,0,2.17761000,116.3700
1624257932510000,0,23.56276480,116.3600
1624257932551000,0,12.88310021,116.3600
1624257932621000,0,2.17510000,116.3600
1624257932768000,0,13.56459619,116.3600
1624257932871000,0,18.98218035,116.3600
1624257933091000,0,15.83225845,116.3600
1624257933355000,0,0.00000692,116.3700
1624257936383000,0,0.42970092,116.6500
1624257936763000,1,2.00000000,116.3600
1624257937927000,0,12.00000000,116.5500
1624257937927000,0,2.00000000,116.5600
1624257937927000,0,10.00000000,116.5800
1624257938332000,0,1.98000000,116.5600
1624257938332000,0,15.21913000,116.5700
1624257938411000,0,12.72861277,116.5700
1624257938994000,0,2.17378625,116.6100
1624257939083000,0,2.17378625,116.6100
1624257940472000,0,18.84690000,116.5500
1624257941935000,1,1.98000000,116.5000
1624257941935000,1,0.06000000,116.4500
1624257942346000,1,1.98000000,116.4500
1624257943078000,0,1.96000000,116.5200
1624257944005000,0,25.92205251,116.5900
1624257951405000,0,2.00000000,116.9300
1624257962169000,1,2.06000000,117.2100
1624257967465000,1,0.35649700,117.1700
1624257969942000,0,1.67049389,117.7500
1624257972850000,1,2.04000000,117.5000
1624257972955000,1,1.94000000,117.4400
1624257973464000,1,1.00000000,117.2200
1624257974272000,1,12.00000000,117.2300
1624257974272000,1,24.73111319,117.2200
1624257974272000,1,2.00000000,117.0900
1624257974272000,1,19.94700000,117.0800
1624257974272000,1,21.54180000,117.0400
1624257974272000,1,119.78008681,116.9400
1624257976437000,0,1.92000000,117.4200
1624257976534000,1,0.69830947,117.1500
1624257976629000,1,0.25575400,117.1500
1624257979567000,0,1.94000000,117.6900
1624257980081000,0,0.80292218,117.7200
1624257983742000,0,2.15528177,117.5200
1624257983742000,0,10.48927529,117.5300
1624257985361000,0,1.94000000,117.5300
1624257985424000,1,1.92000000,117.5200
1624257985511000,1,2.06000000,117.4600
1624257985651000,0,0.84436361,117.5400
1624257987115000,0,10.00000000,117.5300
1624257987740000,0,10.12000000,117.5400
1624257990895000,0,1.98000000,117.6700
1624257990895000,0,26.05845286,117.7100
1624257990895000,0,2.04000000,117.7100
1624257990895000,0,1.50000000,117.7600
1624257990895000,0,0.16417180,117.7700
1624257992908000,1,1.09600000,117.5400
1624257994628000,1,0.00004000,117.5400
1624257994628000,1,2.01996000,117.5000
1624257995164000,1,0.00004000,117.5000
1624257995164000,1,1.92000000,117.4600
1624257995164000,1,0.03996000,117.4300
1624257996476000,0,1.43721094,117.4200
1624257996476000,0,0.68577364,117.5500
1624257997661000,0,2.02000000,117.4600
1624258000366000,0,8.74362461,117.6400
1624258001738000,0,0.25106640,117.6100
1624258002002000,0,0.48893360,117.6100
1624258002002000,0,1.22000000,117.6300
1624258002002000,0,4.58820849,117.6400
1624258003347000,1,10.00000000,117.3900
1624258003347000,1,78.94000000,117.3800
1624258004738000,1,12.00000000,117.3800
1624258006910000,0,1.92000000,117.5300
1624258006910000,0,1.43620970,117.5400
1624258009556000,0,1.43545472,117.5500
1624258009556000,0,1.31251167,117.5600
1624258026338000,1,2.00000000,117.0700
1624258032741000,0,1.00707466,117.3200
1624258034012000,1,1.96000000,117.1400
1624258035050000,0,1.68743527,117.3100
1624258035175000,0,0.31256473,117.3100
1624258037944000,0,1.94000000,117.3800
1624258037944000,0,1.08579466,117.4300
1624258039908000,0,1.43879968,117.3000
1624258039908000,0,1.92000000,117.3200
1624258039908000,0,0.02000000,117.3500
1624258057336000,0,1.92000000,116.8100
1624258063123000,0,10.05819000,116.9000
1624258064336000,0,0.00000211,116.9000
1624258064336000,0,26.60139789,117.0100
1624258069507000,0,1.94000000,117.3400
1624258069565000,0,2.02000000,117.4000
1624258069565000,0,0.15258423,117.4500
1624258075978000,0,0.27969365,117.4800
1624258093011000,0,6.07514000,117.6100
1624258107060000,1,0.43026086,117.5900
1624258109429000,1,56.49250000,117.5800
1624258109536000,1,0.00004380,117.5800
1624258112565000,1,1.96000000,117.4100
1624258131449000,1,1.79237166,117.3800
1624258140736000,0,1.92000000,117.8500
1624258150720000,0,1.92000000,117.7100
1624258160228000,0,0.41243576,117.8500
1624258171323000,1,2.00000000,117.3700
1624258177456000,1,0.31161589,117.2300
1624258190902000,0,1.15883100,118.0500
1624258202504000,0,0.50000000,117.6800
1624258206007000,0,0.83612027,117.7900
1624258211580000,0,0.84343085,118.1500
1624258243828000,0,0.00000955,118.2700
1624258243828000,0,2.18589045,118.2800
1624258244609000,0,0.00001570,118.2800
1624258254362000,1,2.02000000,118.2400
1624258254362000,1,1.52800491,118.2200
1624258260660000,0,3.27880000,118.5500
1624258261700000,0,0.00005923,118.5500
1624258285343000,0,2.04000000,118.9000
1624258285343000,0,2.04000000,118.9300
1624258285343000,0,1.41875742,118.9400
1624258285343000,0,2.06000000,118.9600
1624258285343000,0,1.45820818,118.9900
1624258306210000,0,0.82568246,119.0600
1624258310829000,0,0.23000000,119.0800
1624258315603000,0,0.80724671,119.0800
1624258318265000,0,2.24160000,119.0800
1624258320100000,0,0.00001252,119.0800
1624258374586000,1,26.21220000,119.0500
1624258386787000,0,0.87891340,118.8500
1624258399160000,0,0.82344761,118.7300
1624258538702000,0,1.41710472,118.9300
1624258538771000,1,8.58289000,118.9300
1624258538799000,1,0.00000528,118.9300
1624258560353000,1,0.40765517,118.6800
1624258638815000,0,1.46186364,118.6600
1624258674971000,1,1.96000000,118.3200
1624258675266000,1,2.00000000,118.2900
1624258675266000,1,2.02000000,118.2600
1624258707251000,1,0.31054700,118.1300
1624258730143000,1,0.30897809,118.0100
1624258791822000,0,12.00000000,117.9900
1624258807676000,1,1.94000000,117.6800
1624258808169000,1,2.02000000,117.6500
1624258808252000,1,2.04000000,117.6200
1624258825545000,0,2.16000000,118.0900
1624258826650000,0,3.20000000,118.2100
1624258829423000,1,0.35000000,117.9600
1624258829423000,1,1.47181706,117.9500
1624258830554000,1,2.00000000,117.9500
1624258909917000,0,0.71047153,118.6800
1624258939499000,0,1.22741484,118.4100
1624258988325000,0,3.66939000,118.8300
1624258988412000,0,0.00000259,118.8300
1624259022314000,1,17.67490000,118.9300
1624259022485000,1,0.00005145,118.9300
1624259023398000,0,1.96000000,119.0500
1624259023398000,0,12.00000000,119.0500
1624259023398000,0,8.20180923,119.0500
1624259076740000,0,0.70686473,119.3300
1624259083984000,1,13.72320000,119.2200
1624259084139000,1,0.00009763,119.2200
1624259088322000,0,0.70000000,119.2800
1624259088563000,0,2.14000000,119.3400
1624259115122000,1,12.00000000,119.0800
1624259155696000,1,10.00000000,118.9600
1624259155696000,1,4.00315457,118.9500
1624259161366000,0,0.41127785,119.1900
1624259177489000,0,12.00000000,119.0500
1624259181114000,1,0.82173100,119.0100
1624259200934000,0,0.70749134,119.2600
1624259200934000,0,0.11616523,119.2900
1624259216868000,0,32.00000000,119.0200
1624259217176000,0,6.17000000,119.0200
1624259217200000,0,21.82000000,119.0200
1624259217212000,0,36.07891680,119.0200
1624259244204000,1,2.02000000,118.7600
1624259244204000,1,0.04040346,118.7400
1624259263787000,0,2.02000000,119.0900
1624259300288000,0,7.09006974,119.0300
1624259300288000,0,6.00000000,119.0900
1624259300288000,0,1.90993026,119.0900
1624259354049000,1,2.00000000,118.7900
1624259360708000,0,12.00000000,118.7500
1624259384472000,0,12.00000000,118.5500
1624259400294000,0,0.41719342,118.5100
1624259423253000,0,1.00000000,118.3300
1624259425447000,1,13.48300000,118.0500
1624259431755000,0,0.39996614,118.1600
1624259474453000,1,4.42230468,118.1000
1624259485008000,0,8.14764843,118.1700
1624259526190000,1,2.04000000,117.9200
1624259537859000,1,21.49560000,117.6300
1624259537859000,1,10.00000000,117.6200
1624259537859000,1,28.13730349,117.6100
1624259537859000,1,19.44700000,117.6000
1624259537859000,1,2.16000000,117.5600
1624259537859000,1,43.26949615,117.5500
1624259577047000,0,10.35340000,118.0500
1624259585598000,0,0.00003856,118.0500
1624259597803000,1,2.61870000,118.0700
1624259603068000,1,21.58353000,117.8200
1624259603141000,1,31.00000000,117.8200
1624259603214000,1,14.00000000,117.8200
1624259603590000,1,170.86277000,117.8200
1624259608614000,0,2.02000000,117.7500
1624259609121000,0,1.96000000,117.7700
1624259611864000,0,24.00000000,117.9100
1624259611946000,0,20.00000000,117.9100
1624259640275000,1,2.01991208,117.7100
1624259656327000,1,10.05590506,117.7300
1624259664416000,1,12.90726923,117.8900
1624259716812000,0,12.00000000,117.6800
1624259771664000,0,1.96000000,118.3000
1624259771664000,0,2.23718127,118.3100
1624259794625000,1,0.23042407,118.2000
1624259808663000,0,0.98783156,118.4000
1624259823270000,1,12.00000000,117.9900
1624259823270000,1,9.35049700,117.9900
1624259877542000,1,15.00000000,118.1300
1624259880305000,0,1.21339452,118.3200
1624259950935000,0,5.00000000,118.2800
1624259960490000,0,0.67143543,118.2700
1624259964507000,0,2.51639337,118.3200
1624260024853000,0,2.86000000,117.8100
1624260053024000,1,1.45827458,117.4600
1624260075155000,0,0.84371763,117.6400
1624260090291000,0,1.00000000,117.7200
1624260090680000,1,4.00000000,117.5700
1624260091597000,0,48.00000000,117.7100
1624260110407000,1,2.00000000,117.8000
1624260114813000,1,1.92000000,117.6800
1624260151497000,0,12.00000000,117.7800
1624260160737000,0,2.10571416,117.7300
1624260195474000,1,1.47954234,117.5500
1624260229885000,1,12.00000000,117.4200
1624260229885000,1,9.04739018,117.4200
1624260292418000,1,0.56386180,117.4100
1624260299731000,0,0.92857016,117.4900
1624260354686000,1,6.56250000,117.2800
1624260367304000,1,15.00000000,117.4900
1624260367304000,1,5.89992815,117.4300
1624260427830000,1,5.55768406,117.1200
1624260498279000,0,25.00648000,116.7500
1624260498432000,0,0.00000876,116.7500
1624260509205000,0,0.79934423,116.8400
1624260510262000,0,3.82174418,117.0200
1624260519682000,0,12.00000000,116.9700
1624260536631000,0,12.00000000,117.1700
1624260548213000,0,5.48000000,117.5000
1624260594553000,0,0.41072821,117.7400
1624260652450000,0,0.26526818,117.4800
1624260667017000,1,5.00000000,117.0800
1624260733731000,0,4.74000000,117.0200
1624260733984000,0,0.00006619,117.0200
1624260733984000,0,8.54508266,117.0700
1624260755529000,0,1.00208235,117.0000
1624260756608000,0,0.41788529,116.9800
1624260791096000,0,26.02540000,117.0100
1624260834530000,0,0.85462780,116.9800
1624260838962000,0,0.41148062,116.9300
1624260840272000,1,2.62562725,116.7500
1624260861860000,1,8.54370000,116.9100
1624260862661000,1,0.00000339,116.9100
1624260862661000,1,12.82782661,116.9100
1624260868712000,1,8.55191000,116.8700
1624260870978000,1,12.00000000,116.7400
1624260870978000,1,5.21109943,116.7300
1624260895299000,0,3.20000000,117.1000
1624260932244000,1,8.51770000,117.3300
1624260947588000,0,0.47192823,117.5100
1624260947588000,0,2.72807177,117.5200
1624260973775000,1,0.26233044,117.3900
1624261011711000,1,6.06370000,117.6200
1624261013259000,1,5.92350110,117.5700
1624261013259000,1,14.80919890,117.5700
1624261066692000,1,2.96640000,117.5700
1624261070959000,0,0.17000000,117.6500
1624261090630000,1,2.29300000,117.6800
1624261100434000,0,5.73331000,117.7200
1624261100999000,1,0.36680453,117.6500
1624261101091000,1,4.02727600,117.6500
1624261109834000,1,2.98958667,117.6500
1624261109834000,1,7.47427178,117.6500
1624261115615000,0,5.01628000,117.7000
1624261125534000,0,0.00000755,117.7000
1624261125534000,0,5.01379245,117.7500
1624261131175000,0,5.01361000,117.7400
1624261155417000,1,2.01180000,117.7200
1624261155466000,1,2.95405892,117.7200
1624261167365000,1,1.56026055,117.6600
1624261167365000,1,3.90053945,117.6600
1624261167758000,1,0.00011192,117.6600
1624261167758000,1,10.14198808,117.6400
1624261170854000,1,1.47510000,117.6000
1624261171182000,1,0.00003531,117.6000
1624261171182000,1,3.68666469,117.5900
1624261172013000,1,3.65610000,117.6000
1624261172227000,1,9.58620000,117.5600
1624261172486000,1,1.46240000,117.5600
1624261172596000,1,0.00007332,117.5600
1624261174857000,1,1.46247332,117.4900
1624261174857000,1,1.46232668,117.4900
1624261175321000,1,3.65610000,117.4400
1624261180012000,1,0.89123495,117.3700
1624261180012000,1,2.16316505,117.3700
1624261190518000,1,0.39825000,117.2600
1624261191012000,1,0.34405712,117.2600
1624261191012000,1,0.16764288,117.2500
1624261205923000,0,1.31099142,117.4200
1624261206416000,1,0.37131129,117.1900
1624261225419000,0,0.24871574,117.3300
1624261235379000,1,0.68900781,117.2100
1624261235379000,1,1.46264451,117.2000
1624261248808000,1,0.46825000,117.2100
1624261248866000,1,0.00000116,117.2100
1624261249364000,1,0.29651711,117.2000
1624261252190000,0,5.03648000,117.2100
1624261261271000,0,0.19077657,117.3100
1624261275763000,1,0.40925385,117.3000
1624261275763000,1,7.17966328,117.2900
1624261275763000,1,12.00000000,117.2900
1624261275763000,1,0.40942122,117.2600
1624261275763000,1,1.02309977,117.2600
1624261275763000,1,2.00000000,117.2500
1624261275763000,1,10.00000000,117.2500
1624261275763000,1,7.95677853,117.2500
1624261280373000,1,0.40925385,117.3100
1624261280373000,1,1.02313462,117.3100
1624261280373000,1,2.66014153,117.3100
1624261317668000,0,5.02510000,117.4900
1624261320336000,1,1.00089466,117.3800
1624261333002000,1,2.66449465,117.3500
1624261333002000,1,0.40992225,117.3500
1624261333002000,1,0.40988310,117.3500
1624261347258000,1,0.26357202,117.2900
1624261347258000,1,0.65893006,117.2800
1624261363738000,1,7.34480000,117.1600
1624261363816000,1,7.65520000,117.1600
1624261381542000,1,0.23913194,117.0800
1624261382110000,1,0.60699728,117.0700
1624261382127000,1,0.00000001,117.0700
1624261382428000,1,1.55435759,117.0300
1624261382612000,1,0.23380710,117.0100
1624261382612000,1,0.50000000,117.0000
1624261384220000,0,5.04484742,117.0100
1624261419376000,1,0.46438714,116.7600
1624261424645000,0,7.68304766,116.9100
1624261436927000,1,1.36710000,116.7700
1624261439461000,1,1.33823840,116.7200
1624261439461000,1,1.32676160,116.7200
1624261444764000,0,1.92000000,116.7900
1624261445971000,1,1.16120000,116.7200
1624261446039000,1,0.22750328,116.7200
1624261446039000,1,1.16126605,116.7100
1624261446039000,1,3.52187297,116.6900
1624261451868000,0,0.24760318,116.7900
1624261451868000,0,1.85742271,116.7900
1624261465946000,0,2.16872000,116.6900
1624261466019000,0,0.00000745,116.6900
1624261474658000,1,0.22100000,116.6000
1624261477273000,1,1.15740000,116.5700
1624261481323000,0,1.85740000,116.5700
1624261481379000,0,0.31332183,116.5700
1624261488375000,0,0.93654266,116.5200
1624261491278000,0,2.17584000,116.3300
1624261498137000,0,2.17704000,116.2800
1624261501319000,0,0.00000567,116.2800
1624261502112000,0,0.00000653,116.3300
1624261519063000,0,6.06995000,116.9400
1624261536247000,0,6.82940000,116.7200
1624261536649000,1,36.00000000,116.6400
1624261538395000,0,0.00000913,116.7200
1624261545988000,1,5.53000000,116.4900
1624261545988000,1,11.87640000,116.4800
1624261561130000,0,6.06995000,116.4700
1624261565432000,0,1.44753000,116.5700
1624261565480000,0,0.00000569,116.5700
1624261565480000,0,6.17124416,116.6300
1624261575367000,0,1.44844000,116.4800
1624261575857000,1,2.04000000,116.3900
1624261575857000,1,0.04289144,116.3800
1624261577721000,0,0.00000212,116.4800
1624261593330000,0,1.44750000,116.5400
1624261593551000,0,0.00007297,116.5400
1624261595776000,0,1.44660000,116.5800
1624261596333000,0,1.06674000,116.6300
1624261596714000,0,0.00000208,116.6300
1624261596714000,0,10.85074792,116.6500
1624261598540000,0,1.44553000,116.6700
1624261603819000,0,1.44360000,116.8500
1624261609461000,0,1.44354000,116.8600
1624261636978000,0,1.44355856,116.8300
1624261636978000,0,1.61819590,116.8500
1624261640919000,0,1.44355000,116.8300
1624261655435000,0,0.00000856,116.8300
1624261655435000,0,1.44239144,116.8900
1624261670573000,0,2.06000000,117.2600
1624261704350000,1,25.81720000,116.9100
1624261705476000,1,1.20940698,116.6800
1624261709820000,0,7.57013000,116.9800
1624261709895000,0,0.00000601,116.9800
1624261709895000,0,18.92443399,116.9800
1624261710174000,0,0.00001225,116.9800
1624261775356000,0,15.00000000,116.8800
1624261812757000,0,1.00000000,117.3000
1624261847947000,0,0.67675565,117.6200
1624261880787000,0,12.00000000,117.7600
1624261902472000,1,0.28899360,117.9400
1624261902472000,1,1.10148235,117.8700
1624261907556000,1,0.25170000,117.8900
1624262021187000,1,0.40835600,117.7900
1624262051513000,1,0.73600000,117.8000
1624262120996000,1,1.38502227,117.7200
1624262129531000,1,2.08825494,117.7400
1624262136122000,0,4.20928510,117.8500
1624262173126000,1,0.23876000,117.5400
1624262200068000,1,0.31009988,117.3800
1624262270465000,1,2.08524925,117.3400
1624262289803000,1,0.23514600,117.2700
1624262308794000,0,0.96838347,117.6600
1624262311584000,0,0.84529776,117.7100
1624262334415000,0,0.29502530,117.7200
1624262415830000,1,1.11528600,117.4800
1624262456516000,0,15.00000000,117.7100
1624262456941000,0,0.23408240,117.8300
1624262510169000,1,0.97000000,117.2200
1624262524171000,0,0.18785714,117.2900
1624262561406000,0,12.00000000,117.0500
1624262592382000,0,6.67536015,117.2200
1624262603735000,1,20.00000000,117.0000
1624262673469000,1,0.31202313,117.1800
1624262683829000,1,2.09517337,117.1800
1624262724642000,1,12.00000000,116.9900
1624262724642000,1,2.00000000,116.9800
1624262724642000,1,6.00000000,116.9800
1624262751988000,1,1.21946831,117.0300
1624262851107000,1,5.09900000,117.4000
1624262905816000,0,3.35114079,117.6900
1624262920344000,0,2.00000000,117.7500
1624262943712000,1,0.26983700,117.3700
1624262979590000,0,3.20000000,117.8100
1624262987319000,0,1.56135882,117.9000
1624263000290000,1,0.79112220,117.6900
1624263057650000,0,2.00000000,117.8100
1624263060630000,0,0.23342670,117.8100
1624263068160000,1,0.22776182,117.6200
1624263068160000,1,0.59213042,117.6100
1624263068160000,1,1.26673043,117.6000
1624263179342000,1,12.00000000,117.8300
1624263179342000,1,3.42000000,117.7900
1624263213337000,0,3.20000000,118.1300
1624263329630000,1,19.00000000,118.5000
1624263329669000,1,3.00000000,118.5000
1624263368738000,0,0.41883257,118.4900
1624263381839000,0,1.33580000,118.4300
1624263381968000,0,0.70420000,118.4300
1624263384593000,0,1.00553762,118.5200
1624263387271000,0,0.79756982,118.5100
1624263407605000,1,0.21180465,118.5400
1624263465022000,0,0.83925257,118.3400
1624263480280000,0,1.00244705,118.2600
1624263482251000,1,0.27309753,118.1000
1624263482251000,1,0.12590247,118.0900
1624263506335000,0,4.84604316,118.1500
1624263523091000,1,0.20082051,117.8200
1624263523091000,1,0.10810545,117.8100
1624263536533000,1,1.00000000,117.9600
1624263544606000,0,0.24653981,117.8900
1624263564005000,1,2.07400172,117.8000
1624263574406000,0,0.40380785,117.9900
1624263596287000,0,12.00000000,117.9300
1624263596287000,0,25.73202102,117.9600
1624263596287000,0,10.00000000,117.9800
1624263596287000,0,2.26797898,117.9900
1624263670730000,0,0.23307060,118.2100
1624263693042000,0,0.50000000,118.2300
1624263715701000,1,0.30951952,118.0100
1624263723012000,0,2.00000000,118.0700
1624263766687000,1,0.31300000,117.7700
1624263766787000,1,0.04808872,117.7700
1624263766787000,1,0.67856411,117.7300
1624263782307000,0,8.43319495,118.0300
1624263827172000,1,0.30680036,117.8300
1624263827172000,1,0.79770799,117.8300
1624263827172000,1,0.97494651,117.8200
1624263878488000,1,0.32404813,117.8800
1624263878488000,1,0.84249657,117.8800
1624263878488000,1,0.91152782,117.8200
1624264097242000,0,3.20000000,117.8600
1624264129216000,0,4.18054430,117.9700
1624264149593000,0,0.57214862,118.0500
1624264210966000,1,0.38899000,117.7500
1624264211649000,1,0.00000208,117.7500
1624264217722000,0,0.32327973,117.7800
1624264219161000,1,6.34197000,117.6700
1624264224959000,1,0.00000331,117.6700
1624264249264000,0,12.00000000,117.3700
1624264249264000,0,8.00000000,117.3700
1624264260806000,1,2.07746905,117.2400
1624264280662000,0,0.23456158,117.3600
1624264294486000,0,1.00000000,117.2900
1624264313498000,1,26.87713000,117.1700
1624264320311000,0,0.55445731,117.2400
1624264324356000,1,1.50497306,117.1300
1624264383136000,0,7.18418607,117.2400
1624264383920000,0,7.18418000,117.2400
1624264396560000,0,5.74762000,117.2300
1624264415349000,0,0.00000087,117.2300
1624264415349000,0,0.00000607,117.2400
1624264415349000,0,2.49235211,117.3100
1624264472079000,1,2.09205774,116.9500
1624264477994000,0,5.03540000,117.1300
1624264512303000,0,0.85739227,116.8800
1624264525040000,0,2.47132903,116.8700
1624264525040000,0,0.70995829,116.8700
1624264538436000,0,5.77380000,116.7000
1624264541643000,0,0.00009394,116.7000
1624264541643000,0,5.77380606,116.7000
1624264541705000,0,0.00008788,116.7000
1624264542031000,0,28.87021871,116.7600
1624264543613000,0,5.77100000,116.7500
1624264543685000,0,0.00000482,116.7500
1624264543685000,0,28.87019518,116.7600
1624264557245000,0,10.00000000,116.7200
1624264557245000,0,7.08503255,116.7300
1624264572565000,0,2.00000000,116.5600
1624264583252000,0,1.63691262,116.7100
1624264706353000,0,0.00002166,117.1300
1624264708995000,0,5.02990554,117.2900
1624264708995000,0,2.00000000,117.2900
1624264708995000,0,11.99999446,117.2900
1624264720335000,1,2.00000000,117.3200
1624264720956000,1,2.32877353,117.2200
1624264772267000,1,4.00000000,117.0000
1624264802441000,1,12.00000000,117.1900
1624264802441000,1,10.00000000,117.1600
1624264802441000,1,0.30593702,117.1500
1624264855241000,1,0.72714581,117.3300
1624264863376000,1,5.96982265,117.5500
1624264890678000,0,0.23394300,117.7400
1624264923528000,1,6.72410000,117.5200
1624264923791000,1,0.00008222,117.5200
1624264941630000,1,0.30571361,117.2000
1624264941630000,1,0.13028639,117.1700
1624265114646000,1,3.20000000,117.0100
1624265193771000,0,12.00000000,117.5500
1624265193771000,0,5.55559336,117.5500
1624265236386000,0,1.03646104,117.7400
1624265282070000,1,7.14581470,117.7100
1624265282070000,1,1.92558382,117.7100
1624265297836000,0,1.22539343,117.8000
1624265324831000,1,0.50000000,117.6600
1624265337920000,1,0.48602321,117.5400
1624265339243000,0,3.57647843,117.6700
1624265339243000,0,0.61157409,117.6800
1624265347315000,1,1.54188600,117.4300
1624265360677000,0,0.42264888,117.7100
1624265399569000,0,1.68729184,117.5100
1624265500673000,0,0.23402264,117.8200
1624265559225000,1,6.37754179,117.4900
1624265590396000,0,0.24735638,117.3500
1624265643471000,0,1.38875568,117.3700
1624265652836000,0,0.33879039,117.2700
1624265682382000,0,3.26109304,117.3300
1624265718718000,1,0.17975700,117.0600
1624265730905000,1,0.21433328,117.0000
1624265740126000,0,0.35662051,117.1000
1624265741284000,1,4.78566672,117.0000
1624265741284000,1,7.18884427,116.9700
1624265741284000,1,3.14443807,116.9400
1624265741378000,1,0.31300000,116.9500
1624265770214000,0,2.04000000,117.3100
1624265771185000,0,2.02000000,117.3400
1624265771307000,0,1.86000000,117.3700
1624265783273000,1,0.79435897,117.5200
1624265783273000,1,1.99141103,117.5200
1624265783889000,0,4.65018893,117.6100
1624265883809000,1,2.71440313,117.3200
1624265892960000,0,34.31125333,117.5600
1624265908767000,0,0.42333219,117.5200
1624265933666000,0,1.00383795,117.2500
1624265967558000,0,0.29402985,117.1100
1624265999603000,1,0.51527873,116.8900
1624266043759000,0,7.19175700,117.1000
1624266043759000,0,12.00000000,117.1100
1624266043759000,0,7.50000000,117.1100
1624266043759000,0,79.32148997,117.1200
1624266066606000,0,1.00000000,117.3100
1624266073593000,0,7.17560000,117.3800
1624266073728000,0,0.00002574,117.3800
1624266073728000,0,27.32015353,117.4100
1624266073728000,0,3.64012073,117.4100
1624266073820000,0,0.00017480,117.4100
1624266073820000,0,9.10054201,117.4200
1624266087960000,0,1.33625461,117.4900
1624266112300000,0,0.23406247,117.5000
1624266124724000,1,0.33908000,117.3600
1624266127221000,1,0.00000892,117.3600
1624266144434000,0,0.41635535,117.2700
1624266164934000,0,3.29226820,117.3600
1624266164934000,0,3.88183180,117.3700
1624266185833000,0,1.69999999,117.3600
1624266197514000,0,7.18099000,117.2700
1624266232400000,0,7.17157000,117.4100
1624266232497000,0,0.00000069,117.4100
1624266233051000,0,3.07320000,117.5000
1624266256459000,0,4.84500418,117.5300
1624266375869000,0,0.24798820,117.0200
1624266376989000,1,2.08733898,116.8500
1624266396695000,0,7.21310000,116.7700
1624266399092000,0,0.00005191,116.7700
1624266399092000,0,7.21314809,116.7700
1624266407125000,0,1.22229479,116.7800
1624266428276000,0,5.98830000,116.7800
1624266432452000,1,5.95676474,116.7700
1624266435550000,0,0.00002991,116.7800
1624266456558000,1,8.55950000,116.7700
1624266456596000,1,0.00009188,116.7700
1624266456596000,1,6.19620812,116.7600
1624266459689000,1,8.56310000,116.7200
1624266483861000,1,1.00000000,116.6100
1624266488929000,1,8.56890000,116.6100
1624266491071000,0,7.21757970,116.6900
1624266561574000,0,0.42176978,116.5700
1624266565741000,0,3.48645644,116.6300
1624266565741000,0,8.71577356,116.6300
1624266584363000,0,3.20428586,116.5200
1624266584363000,0,7.22928196,116.5300
1624266584363000,0,8.00378528,116.5300
1624266586629000,0,0.40918052,116.5200
1624266640689000,1,1.94000000,116.2300
1624266642165000,1,0.23047917,116.1600
1624266646910000,0,3.13361000,116.2300
1624266656668000,1,5.00000000,116.0000
1624266657323000,1,1.90000000,115.9900
1624266669045000,0,0.21166014,116.0000
1624266669638000,0,2.85334000,115.9900
1624266669837000,0,0.00000760,115.9900
1624266669837000,0,7.12589240,116.0000
1624266670014000,0,0.00001703,116.0000
1624266670186000,0,18.54100000,116.0300
1624266670870000,0,2.85187000,116.0300
1624266673480000,1,6.72418222,116.0200
1624266677740000,0,2.14692881,116.2400
1624266677740000,0,1.91570023,116.2400
1624266701365000,0,7.25280000,116.1400
1624266702948000,0,0.00003533,116.1400
1624266702948000,0,7.25283533,116.1400
1624266708726000,0,7.25140000,116.1500
1624266708979000,0,0.00004495,116.1500
1624266712949000,0,7.24610000,116.2400
1624266713524000,0,0.00004761,116.2400
1624266713524000,0,0.23671520,116.3200
1624266716545000,0,1.92458839,116.3200
1624266716545000,0,1.92631161,116.3200
1624266721216000,1,89.00000000,116.1600
1624266728115000,0,1.83435612,116.1200
1624266728115000,0,4.58534388,116.1200
1624266738902000,0,1.72090000,116.3000
1624266739086000,0,0.00002335,116.3000
1624266739086000,0,4.30197665,116.3000
1624266743590000,0,3.93784412,116.4400
1624266743590000,0,1.57513765,116.4400
1624266743590000,0,5.81071823,116.4500
1624266743958000,0,4.42737449,116.4500
1624266743971000,0,0.00000001,116.4500
1624266744147000,0,10.99542017,116.4600
1624266744532000,0,68.30164000,116.4600
1624266744618000,0,5.51300000,116.4600
1624266744647000,0,10.00000000,116.4600
1624266744751000,0,18.00000000,116.4600
1624266744839000,0,10.00000000,116.4600
1624266744915000,0,24.00000000,116.4600
1624266753463000,1,3.25372991,116.4200
1624266753463000,1,8.13431009,116.4200
1624266829611000,0,1.20520000,116.8100
1624266837968000,0,1.52980000,116.9400
1624266858007000,0,0.32378256,117.5600
1624266858007000,0,0.80931870,117.5700
1624266858263000,0,2.10420000,117.5900
1624266858297000,0,0.00002862,117.5900
1624266858992000,0,3.19999999,117.5600
1624266859026000,0,0.00000001,117.5600
1624266859886000,0,2.04000000,117.7000
1624266860493000,0,3.20000000,117.7000
1624266864681000,0,2.00000000,117.9900
1624266871322000,0,1.04669710,118.0800
1624266871871000,0,2.15330290,118.0800
1624266871871000,0,1.04669710,118.1900
1624266877757000,1,9.80000000,118.3800
1624266877969000,1,2.20000000,118.3800
1624266878117000,1,0.84560000,118.2000
1624266879944000,1,1.65440000,118.4600
1624266880099000,1,10.17387000,118.5400
1624266880368000,1,1.82613000,118.5400
1624266883529000,0,1.96000000,118.7400
1624266887003000,0,3.20000000,119.0700
1624266887147000,1,0.17815000,119.0000
1624266887860000,0,1.98000000,119.1500
1624266888033000,0,0.73607844,119.1800
1624266888033000,0,6.34212156,119.2600
1624266889802000,1,11.82185000,119.0000
1624266890654000,1,1.98000000,118.9300
1624266891193000,1,12.00000000,118.8800
1624266891193000,1,1.94000000,118.8700
1624266902077000,1,12.00000000,118.5600
1624266902694000,1,6.69330833,118.4800
1624266904597000,0,7.10322000,118.6300
1624266911727000,1,0.19380000,118.4200
1624266912101000,1,11.80620000,118.4200
1624266916125000,0,2.02000000,118.5300
1624266916125000,0,1.50000000,118.5500
1624266916125000,0,6.30486167,118.5600
1624266921412000,0,7.12471000,118.2900
1624266924343000,0,0.00000920,118.2900
1624266924343000,0,7.12470080,118.2900
1624266936655000,0,0.20457291,118.0400
1624266948734000,0,7.14776000,117.8800
1624266949712000,0,0.00000351,117.8800
1624266974889000,0,7.12825000,118.2000
1624266978116000,1,6.30490000,118.2100
1624266978141000,1,6.30497000,118.2100
1624266999447000,1,10.00000000,118.0900
1624267017350000,1,10.00000000,118.0600
1624267020733000,0,1.00168196,118.1000
1624267026802000,1,3.20000000,117.8400
1624267048956000,1,11.67570000,117.6000
1624267072545000,0,0.52335771,117.6400
1624267107536000,0,4.02805168,117.6400
1624267122253000,0,0.20879720,117.5600
1624267123505000,1,11.00000000,117.4500
1624267134114000,0,0.52411823,117.3400
1624267136299000,1,1.92000000,117.0300
1624267148043000,1,3.20835451,117.1500
1624267148043000,1,6.79164549,117.1500
1624267148170000,1,14.06301453,117.1500
1624267153438000,1,1.90000000,116.8900
1624267153751000,1,2.10000000,116.8600
1624267154076000,1,3.20000000,116.8200
1624267159062000,1,2.04000000,116.8100
1624267159407000,1,1.92000000,116.8000
1624267174556000,0,12.00000000,116.4600
1624267176797000,1,2.00000000,116.3100
1624267185494000,1,15.68080000,115.7900
1624267190743000,0,12.00000000,116.1600
1624267192345000,0,46.86060000,116.1800
1624267194628000,1,10.00000000,116.1400
1624267195377000,1,1.96000000,116.1200
1624267195906000,1,2.02000000,116.1100
1624267197399000,0,10.04301000,116.1000
1624267197471000,0,1.95699000,116.1000
1624267204307000,1,3.20000000,115.8200
1624267204826000,1,0.00002275,115.7900
1624267207661000,1,17.74594238,115.5800
1624267210195000,1,18.12963216,115.3600
1624267211328000,1,0.25000000,115.1600
1624267211328000,1,3.59075119,115.1500
1624267211328000,1,18.26504881,115.1500
1624267215192000,1,0.25006321,115.1500
1624267216098000,0,21.85579679,115.1500
1624267225279000,0,2.00000000,115.5500
1624267227294000,0,1.92000000,115.5000
1624267227797000,0,2.12000000,115.5300
1624267236604000,1,1.96000000,115.6100
1624267255184000,0,0.85975978,115.7300
1624267255559000,0,1.14024000,115.7300
1624267259001000,1,1.96000000,115.4900
1624267270303000,0,12.00000000,115.6700
1624267272800000,0,0.00000022,115.7300
1624267272800000,0,11.99999978,115.7300
1624267288946000,0,11.12442238,115.7000
1624267318035000,0,0.42893233,115.3000
1624267320732000,0,0.23850824,115.3700
1624267324753000,1,1.92000000,115.1500
1624267325017000,1,0.60000000,115.1200
1624267325516000,1,2.04000000,115.0800
1624267325881000,1,2.04000000,115.0500
1624267325881000,1,0.30000000,115.0000
1624267325881000,1,1.86469565,115.0000
1624267325881000,1,3.00000000,115.0000
1624267325881000,1,1.00000000,115.0000
1624267325881000,1,0.60000000,115.0000
1624267325881000,1,0.75530435,115.0000
1624267326275000,1,0.00412523,115.0000
1624267326415000,1,3.88755682,114.9400
1624267326472000,1,9.01696560,114.9400
1624267326516000,1,5.99787105,114.9400
1624267326516000,1,25.74475361,114.8000
1624267329993000,1,19.29148811,114.7300
1624267338561000,1,9.82486167,114.8600
1624267356452000,1,1.30278000,114.9000
1624267356494000,1,0.00000503,114.9000
1624267366960000,1,4.20000000,114.5100
1624267367000000,1,15.30385949,114.5100
1624267367202000,1,2.10000000,114.5000
1624267367202000,1,2.10000000,114.5000
1624267367202000,1,0.64604316,114.3000
1624267379519000,1,0.42970092,114.4000
1624267379592000,1,0.85462780,114.4000
1624267384381000,1,1.44837800,114.3000
1624267385685000,1,10.37561144,114.3000
1624267387604000,0,39.00000000,114.5100
1624267393732000,1,5.30853509,114.4100
1624267405690000,0,2.17570000,115.0600
1624267409601000,0,0.42212000,115.3800
1624267460679000,1,160.83500000,114.5000
1624267465079000,0,2.02000000,114.6300
1624267470288000,0,1.98000000,114.5700
1624267495587000,1,2.14136461,114.3100
1624267496532000,1,7.42300000,114.3000
1624267498973000,1,0.00002014,114.3000
1624267507845000,0,1.34757714,114.3700
1624267518066000,0,2.00000000,114.3300
1624267521375000,1,1.23836450,114.1100
1624267521375000,1,3.09591126,114.1100
1624267521375000,1,1.63222570,114.0900
1624267524676000,1,18.65180000,114.0900
1624267525141000,1,0.00005196,114.0900
1624267526133000,1,0.88000000,114.0000
1624267526133000,1,1.00000000,114.0000
1624267529833000,0,2.04000000,114.1100
1624267530549000,0,1.94000000,114.1400
1624267534836000,0,0.92301054,114.3100
1624267534836000,0,2.30748946,114.3100
1624267535398000,0,0.00003689,114.3100
1624267537153000,0,2.58560000,114.3900
1624267549792000,1,1.96000000,114.6000
1624267549792000,1,12.00000000,114.6000
1624267550015000,1,2.02000000,114.5900
1624267550220000,1,2.58200000,114.5600
1624267550468000,1,3.00000000,114.5000
1624267550469000,1,13.35546373,114.5000
1624267551351000,1,1.94000000,114.3000
1624267551351000,1,0.06000000,114.2800
1624267551790000,0,2.02000000,114.5900
1624267555295000,1,12.00000000,114.3800
1624267555295000,1,5.76785609,114.3700
1624267555295000,1,2.30713350,114.3700
1624267555295000,1,2.39563113,114.3500
1624267555295000,1,2.06000000,114.3500
1624267555295000,1,1.92000000,114.3200
1624267555295000,1,3.00000000,114.3000
1624267555295000,1,28.04806126,114.2900
1624267555295000,1,2.02000000,114.2900
1624267555295000,1,20.41900000,114.2800
1624267555295000,1,7.35345200,114.2700
1624267555295000,1,17.01878057,114.2200
1624267573104000,0,2.12201416,114.8400
1624267573104000,0,3.87798584,114.8400
1624267573192000,0,1.42980486,114.8400
1624267573593000,0,13.79260000,114.9000
1624267586750000,0,1.92000000,114.6600
1624267589206000,0,25.66680000,114.7800
1624267596084000,1,0.19100000,114.6400
1624267596524000,1,2.51080000,114.6400
1624267597199000,1,2.16595114,114.6100
1624267597199000,1,2.70174886,114.6100
1624267607540000,0,27.47530000,114.8700
1624267609382000,0,3.20000000,115.0700
1624267610134000,0,1.94000000,115.1700
1624267611120000,0,9.80000000,115.0600
1624267611120000,0,3.20000000,115.0600
1624267611530000,0,0.25000000,115.4300
1624267612245000,0,1.94000000,115.2500
1624267613495000,0,1.43610000,115.4200
1624267613596000,0,1.76390000,115.4200
1624267619790000,1,2.00000000,115.2400
1624267627539000,1,2.46430000,115.0100
1624267629297000,0,2.04000000,115.0800
1624267629297000,0,22.13960000,115.1200
1624267629297000,0,1.34972220,115.1200
1624267629297000,0,3.37401242,115.1200
1624267629297000,0,1.94000000,115.1300
1624267629297000,0,0.73030674,115.1400
1624267633038000,1,1.98000000,115.1000
1624267633168000,1,2.04000000,115.0400
1624267636633000,1,1.79391482,114.8700
1624267636633000,1,10.20608518,114.8600
1624267638447000,0,0.35891600,115.0300
1624267646943000,0,1.45423224,115.0700
1624267646943000,0,0.60576776,115.0800
1624267647961000,0,1.45420000,115.0700
1624267648511000,0,1.45423224,115.0800
1624267659665000,1,2.72538087,115.2200
1624267659665000,1,6.81345217,115.2200
1624267659855000,1,17.71490000,115.2200
1624267659954000,1,0.00007564,115.2200
1624267660427000,1,2.72538000,115.2200
1624267677251000,0,0.21303802,115.2600
1624267679303000,1,4.92126342,115.0600
1624267682263000,1,3.76551971,115.0200
1624267695028000,0,1.96000000,115.4200
1624267696611000,1,3.14416542,115.3400
1624267713692000,0,1.77821061,115.1400
1624267713692000,0,0.16178939,115.1500
1624267713697000,0,1.81821061,115.1500
1624267734280000,0,1.94000000,115.8900
1624267736692000,0,1.94000000,116.2000
1624267751231000,1,12.00000000,115.7600
1624267751728000,0,0.47372076,115.9900
1624267756644000,0,0.98666759,115.8600
1624267773534000,0,3.63474299,115.9200
1624267773534000,0,5.30574034,115.9500
1624267781268000,0,0.84870030,115.7300
1624267784545000,0,0.42206919,115.6600
1624267787613000,1,2.04000000,115.5200
1624267787613000,1,4.87384590,115.4700
1624267796370000,1,1.98000000,115.8200
1624267808570000,1,48.00000000,115.5500
1624267808612000,1,33.35759000,115.5500
1624267808616000,1,48.00000000,115.5500
1624267808622000,1,51.50590000,115.5500
1624267808699000,1,48.00000000,115.5500
1624267808765000,1,4.57591000,115.5500
1624267817170000,0,0.86117361,115.5400
1624267817547000,1,4.13366000,115.3700
1624267818107000,1,0.00000658,115.3700
1624267837523000,0,15.00000000,115.6900
1624267874093000,0,37.16867871,116.3900
1624267896745000,0,5.53000000,116.1700
1624267896745000,0,12.00000000,116.1800
1624267896745000,0,1.94000000,116.1900
1624267896745000,0,3.62382262,116.2100
1624267896745000,0,2.02000000,116.2200
1624267896745000,0,4.88617738,116.2300
1624267912583000,0,3.62640000,116.1300
1624267922822000,0,0.00002519,116.1300
1624267922822000,0,3.62642519,116.1300
1624267923032000,0,3.62642519,116.1300
1624267926179000,0,3.62280000,116.1900
1624267926567000,0,0.00008136,116.1900
1624267926567000,0,1.30082981,116.2200
1624267926567000,0,1.08318883,116.2200
1624267927684000,0,3.62120000,116.2500
1624267929234000,0,18.09682239,116.3600
1624267930740000,0,1.96000000,116.4500
1624267930765000,0,0.23655914,116.5400
1624267931702000,0,1.30009504,116.5400
1624267934012000,1,1.00000000,116.3900
1624267943016000,0,2.04000000,116.8600
1624267953069000,1,12.00000000,116.7300
1624267957515000,1,1.23466921,116.5400
1624267961347000,1,12.00000000,116.5700
1624267982334000,0,1.34999477,116.7500
1624268018361000,1,5.00242055,116.7600
1624268018361000,1,2.00095945,116.7600
1624268018493000,1,0.00000802,116.7600
1624268018493000,1,2.00095198,116.7200
1624268018577000,1,0.00001549,116.7200
1624268019632000,0,7.20970883,116.7400
1624268026303000,1,4.26858173,116.7400
1624268026303000,1,2.01821827,116.7400
1624268026616000,0,6.78243393,116.8000
1624268027609000,1,2.75437481,116.6800
1624268027609000,1,1.10174992,116.6800
1624268027609000,1,1.70743269,116.6500
1624268027851000,0,230.00000000,116.5900
1624268027989000,0,0.49314258,116.5900
1624268047544000,1,0.49771733,116.4600
1624268047544000,1,0.72814762,116.4600
1624268079292000,1,0.48469878,116.9600
1624268079524000,1,1.25866241,116.9500
1624268079572000,1,0.00000001,116.9500
1624268087437000,0,7.20034000,116.8800
1624268094855000,1,0.30778800,116.8900
1624268094855000,1,0.35406594,116.8800
1624268094855000,1,2.00062197,116.8800
1624268094855000,1,0.00000001,116.8800
1624268120497000,0,3.89170000,117.0200
1624268120678000,0,0.00001714,117.0200
1624268138341000,1,1.96000000,117.1400
1624268138341000,1,0.14109237,117.1200
1624268146843000,1,0.41325083,117.0600
1624268150306000,1,0.37009270,116.9300
1624268169437000,0,7.19000000,116.9900
1624268178835000,1,6.78250000,116.9900
1624268179591000,1,0.28152922,116.9800
1624268181339000,1,0.27822048,116.8700
1624268181339000,1,0.27351482,116.8700
1624268181339000,1,0.68378704,116.8700
1624268182826000,1,0.26477919,116.7700
1624268182826000,1,0.27822048,116.7700
1624268182826000,1,3.20000000,116.7700
1624268186913000,0,2.00000000,116.7600
1624268210830000,1,0.35308983,116.8000
1624268210830000,1,0.91803357,116.8000
1624268232045000,0,0.26800767,116.9700
1624268232557000,1,0.99386516,116.8100
1624268233405000,1,1.94000000,116.8000
1624268235355000,1,0.38250449,116.7400
1624268235456000,1,0.99386000,116.7300
1624268276784000,1,0.27344386,116.6200
1624268307187000,1,0.25801533,116.2500
1624268308181000,1,2.06000000,116.1500
1624268323519000,0,1.92000000,116.0200
1624268337325000,1,1.98000000,116.1800
1624268348432000,1,1.44000000,116.1300
1624268376034000,0,12.00000000,116.4400
1624268381766000,0,0.85226638,116.4200
1624268430034000,0,11.76000000,116.4100
1624268466031000,0,0.40583941,116.4500
1624268473678000,0,2.12377052,116.8000
1624268511897000,0,1.41039518,116.4000
1624268542336000,0,0.42133623,116.7000
1624268558705000,1,2.69610484,116.5200
1624268569774000,0,5.05000154,116.6800
1624268570871000,0,5.00000000,116.6500
1624268605702000,0,3.28000000,116.5400
1624268605816000,0,8.72000000,116.5400
1624268609728000,1,12.00000000,116.5800
1624268669533000,0,1.44000000,117.0500
1624268670389000,0,2.84650000,117.1800
1624268681260000,0,8.94590905,117.2100
1624268689697000,1,5.49000000,116.9900
1624268792862000,0,2.06000000,117.3700
1624268794028000,1,12.00000000,117.2700
1624268794713000,1,1.98000000,117.2400
1624268813582000,0,0.47075643,117.1900
1624268833964000,0,2.04000000,117.0100
1624268833964000,0,0.42964333,117.0100
1624268893112000,0,0.83669976,116.8400
1624268902562000,0,0.84214063,116.9400
1624268931172000,0,8.08337609,116.9400
1624268951877000,0,0.42449295,116.8700
1624268957159000,0,0.99060642,116.8600
1624268960152000,0,2.00000000,116.8400
1624268992775000,0,3.20000000,117.0700
1624269000323000,0,0.27124366,117.0600
1624269010586000,0,5.02921254,117.1000
1624269010586000,0,11.99078746,117.1000
1624269013391000,0,3.20000000,117.1400
1624269041657000,0,1.00000000,116.9800
1624269054490000,0,4.31000000,116.9300
1624269058592000,0,4.31000000,116.9800
1624269120332000,0,1.23891477,117.1600
1624269155684000,0,0.42000000,117.3800
1624269155954000,0,1.64000000,117.3800
1624269156529000,0,2.06000000,117.4100
1624269156529000,0,0.69116174,117.5300
1624269157833000,1,0.27749810,117.3100
1624269162534000,0,11.99999999,117.3400
1624269162764000,0,0.00000001,117.3400
1624269166051000,1,0.25092204,117.3800
1624269166054000,1,0.00000001,117.3800
1624269187907000,0,0.85193388,117.5400
1624269192952000,1,12.00000000,117.3300
1624269213486000,0,0.29382937,117.3300
1624269222803000,0,0.86695313,117.2400
1624269234166000,0,1.01608881,117.2000
1624269293484000,0,5.03000000,117.0400
1624269301908000,0,12.00000000,117.1500
1624269307698000,1,0.34696018,117.0700
1624269307698000,1,2.25524118,117.0700
1624269307698000,1,0.86739864,117.0700
1624269311416000,1,0.29871569,117.0200
1624269311416000,1,0.74678923,117.0200
1624269311416000,1,1.94163508,117.0200
1624269314458000,1,0.22185956,116.9500
1624269314458000,1,0.55464891,116.9500
1624269314458000,1,1.44206153,116.9500
1624269319871000,1,1.17867087,116.8600
1624269319871000,1,0.45333495,116.8600
1624269319871000,1,0.18132418,116.8600
1624269337593000,0,2.70451236,116.9400
1624269354153000,0,3.73314524,116.8900
1624269356248000,1,7.19845204,116.7100
1624269356248000,1,2.06000000,116.6900
1624269356248000,1,10.74154796,116.6800
1624269356417000,1,1.49492138,116.7100
1624269356517000,1,0.37727275,116.7100
1624269356613000,1,4.03040400,116.7100
1624269356705000,1,0.31600000,116.7100
1624269356788000,1,0.97985391,116.7100
1624269356788000,1,2.00000000,116.6900
1624269356788000,1,2.08123893,116.6800
1624269397330000,1,4.05202380,116.6800
1624269405593000,1,2.52774550,116.6500
1624269426269000,0,5.04000000,116.7200
1624269427927000,0,10.00000000,116.7100
1624269446275000,1,2.31930000,116.6700
1624269447682000,1,0.00000905,116.6700
1624269488758000,1,1.00242716,116.6100
1624269489009000,1,2.19757284,116.6100
1624269489009000,1,1.24303146,116.5900
1624269504477000,1,1.82383000,116.5800
1624269504565000,1,0.00000527,116.5800
1624269530177000,0,1.44954421,116.6800
1624269591723000,0,0.30023018,116.6500
1624269642765000,1,0.22084661,116.5600
1624269734351000,0,4.33259096,116.4800
1624269734351000,0,0.01547354,116.4900
1624269749912000,1,0.72824200,116.3300
1624269764282000,1,3.00000000,116.6100
1624269783086000,1,9.08384350,116.6100
1624269786888000,1,1.19000000,116.5400
1624269787769000,1,0.00327383,116.5400
1624269828785000,0,1.21624635,116.5800
1624269840306000,0,0.36220187,116.5800
1624269853908000,1,0.49383377,116.4900
1624269865080000,0,27.47000000,116.6700
1624269967809000,1,1.73970808,116.4200
1624269977433000,0,0.85378410,116.5400
1624269995954000,0,2.16307452,116.6900
1624269995954000,0,0.74291859,116.6900
1624270052427000,1,27.40045000,116.1700
1624270071091000,0,0.42704992,116.1900
1624270074666000,1,1.92000000,115.9700
1624270074666000,1,1.03409134,115.9500
1624270080142000,0,0.42719696,115.9900
1624270114879000,1,3.20000000,115.6400
1624270117425000,0,0.21727848,115.7300
1624270123005000,1,2.02000000,115.4600
1624270133762000,0,0.42915488,115.6500
1624270166477000,0,1.45700000,115.4900
1624270166691000,0,0.00006361,115.4900
1624270172862000,0,1.45690000,115.5000
1624270175480000,0,0.00007723,115.5000
1624270186848000,0,21.81560000,115.5700
1624270187836000,1,0.31494266,115.4800
1624270191701000,0,1.45480000,115.6600
1624270193583000,0,0.00003556,115.6600
1624270193659000,0,26.02130000,115.7000
1624270195775000,0,1.74737312,115.7700
1624270201359000,0,1.45508975,115.6600
1624270206864000,1,11.76000000,115.3800
1624270233673000,0,10.00000000,115.5300
1624270233673000,0,10.08594245,115.5400
1624270240904000,1,0.19089807,115.3500
1624270249670000,0,1.45930000,115.3100
1624270250107000,0,0.00001129,115.3100
1624270251583000,0,15.00000000,115.4200
1624270255766000,0,11.87910000,115.5200
1624270262381000,0,1.45600000,115.5800
1624270263528000,0,0.00006589,115.5800
1624270266375000,1,0.19676518,115.6500
1624270266375000,1,11.99323482,115.6400
1624270269468000,1,12.00000000,115.6500
1624270270091000,0,48.00000000,115.7300
1624270270291000,0,41.00000000,115.7300
1624270272195000,0,45.00000000,115.8100
1624270279409000,0,2.82760000,116.2000
1624270280570000,0,0.00001711,116.2000
1624270292698000,0,7.17000000,116.0000
1624270302235000,0,4.33573184,116.3100
1624270317569000,1,0.47497791,116.1000
1624270317704000,1,0.51824665,116.0900
1624270326510000,1,0.33931897,115.9800
1624270326510000,1,2.20548103,115.9800
1624270328002000,1,0.32839468,115.8800
1624270328002000,1,0.32311937,115.8800
1624270328002000,1,0.80758595,115.8800
1624270345710000,0,1.45336000,115.8200
1624270351692000,1,0.35931052,115.7200
1624270351692000,1,0.67068948,115.7200
1624270351778000,1,0.26374375,115.7200
1624270387784000,0,2.61878000,115.6800
1624270389162000,0,0.00000204,115.6800
1624270403870000,0,1.45899403,115.3900
1624270403926000,1,1.98000000,115.3900
1624270404781000,0,2.13000000,115.3700
1624270433501000,1,7.29043520,115.2100
1624270433501000,1,1.65004813,115.1900
1624270434089000,1,10.00000000,115.2200
1624270434089000,1,7.29043520,115.2100
1624270434089000,1,12.00000000,115.2100
1624270434089000,1,2.28320616,115.2100
1624270449015000,1,0.19724877,115.4200
1624270449015000,1,0.49303655,115.4100
1624270449015000,1,1.08451468,115.4100
1624270477403000,0,0.27133701,115.3400
1624270479271000,1,0.25083793,115.1400
1624270479271000,1,0.62706218,115.1400
1624270479271000,1,0.58343872,115.1300
1624270488696000,0,3.67514617,115.5000
1624270488696000,0,1.47005847,115.5000
1624270488696000,0,9.55511202,115.5000
1624270489868000,1,0.81013702,115.3800
1624270543165000,0,0.99840212,115.3100
1624270594082000,0,1.45817204,115.4200
1624270594082000,0,0.26008196,115.4300
1624270600338000,1,0.31660671,115.2900
1624270654242000,0,1.45798340,115.4400
1624270654242000,0,0.54201660,115.4600
1624270675517000,0,0.34423181,115.4400
1624270697269000,0,0.34376982,115.4000
1624270699267000,0,1.11433894,115.4000
1624270699267000,0,7.48065090,115.4000
1624270708318000,1,3.20000000,115.1900
1624270720338000,0,1.45965759,115.2900
1624270732512000,0,2.05041927,115.3300
1624270749656000,1,3.20000000,115.1800
1624270761427000,1,1.00000000,115.0000
1624270767511000,0,2.00000000,115.0000
1624270767511000,0,0.00906973,115.0400
1624270767516000,1,48.00000000,114.9000
1624270767572000,1,36.00000000,114.9000
1624270767574000,1,3.12780000,114.9000
1624270768319000,1,11.37483642,114.9000
1624270768333000,1,142.64516358,114.9000
1624270768678000,1,2.00000000,114.8100
1624270773684000,0,2.02000000,114.9200
1624270775331000,0,2.00000000,114.9100
1624270790534000,1,0.35000000,114.8000
1624270801660000,0,0.43195640,114.7900
1624270828401000,1,0.39482575,114.8900
1624270830270000,1,0.35036521,114.9200
1624270830270000,1,0.50156867,114.9100
1624270847844000,0,1.29350490,115.2100
1624270854197000,1,0.23521948,115.1500
1624270854197000,1,0.08232495,115.1400
1624270885511000,1,0.20000000,115.1000
1624270977162000,0,0.85706377,114.7600
1624271013857000,0,0.81115701,114.4600
1624271013857000,0,47.18884299,114.4700
1624271014906000,0,1.47041617,114.5500
1624271014906000,0,0.81067612,114.5900
1624271014906000,0,0.81195218,114.6000
1624271014906000,0,1.69169922,114.6000
1624271056733000,1,14.17740000,114.4700
1624271068554000,1,29.05000000,114.3300
1624271071859000,0,48.00000000,114.3400
1624271081543000,0,0.64263648,114.3600
1624271103108000,0,0.42734367,114.3200
1624271105926000,1,0.89530000,114.1600
1624271116260000,1,0.31863147,114.2900
1624271123177000,1,1.98000000,114.2100
1624271152951000,0,1.25000000,114.4600
1624271152999000,0,0.00965632,114.4600
1624271183150000,0,10.05201096,114.3700
1624271194034000,1,10.09931000,114.0900
1624271194144000,1,0.00000945,114.0900
1624271199498000,0,0.43093387,114.1500
1624271270493000,0,1.01741009,114.1500
1624271294583000,0,5.21753685,114.2900
1624271316106000,0,7.37710000,114.1000
1624271322475000,0,0.00002884,114.1000
1624271329181000,1,0.24776652,114.0700
1624271329181000,1,0.64419296,114.0700
1624271336731000,0,0.23900000,113.9900
1624271340535000,0,0.21522370,113.9900
1624271341059000,1,4.49615806,113.9700
1624271341545000,1,21.06579000,113.8800
1624271341879000,1,0.00000998,113.8800
1624271344516000,1,0.29000000,113.8200
1624271345012000,1,0.32000000,113.8000
1624271345065000,1,3.20000000,113.7600
1624271345748000,1,0.22229318,113.6700
1624271345748000,1,5.71745682,113.6600
1624271345812000,1,8.94590905,113.6600
1624271350496000,1,6.80450000,113.6600
1624271350607000,1,0.00008109,113.6600
1624271366252000,0,2.04000000,113.7400
1624271388856000,0,0.17592755,113.6200
1624271395750000,1,21.87190000,113.4500
1624271395761000,1,0.00009637,113.4500
1624271397877000,1,0.94536000,113.3600
1624271399614000,1,0.00000791,113.3600
1624271399653000,1,0.25687495,113.3000
1624271399653000,1,22.02102505,113.2400
1624271401471000,1,0.25693000,113.2400
1624271401621000,1,0.00000542,113.2400
1624271402572000,1,10.68580000,113.0200
1624271402696000,1,12.00005159,113.0200
1624271412955000,0,0.43809561,113.5400
1624271421725000,0,0.58916254,113.4400
1624271450493000,0,0.58916254,113.8000
1624271468777000,1,1.92260000,113.5300
1624271468915000,1,0.00007165,113.5300
1624271468915000,1,0.29581647,113.5200
1624271468915000,1,0.73941188,113.5200
1624271469092000,1,0.00012929,113.5200
1624271491348000,1,0.33435330,113.3600
1624271491348000,1,0.32779042,113.3400
1624271491348000,1,2.12785628,113.3400
1624271531991000,1,19.95000000,113.1800
1624271531991000,1,7.42633771,113.1600
1624271531991000,1,28.27819636,113.1500
1624271531991000,1,15.68764134,113.1400
1624271538230000,1,1.36350000,113.1100
1624271539116000,1,0.34664263,113.0100
1624271539116000,1,4.00000000,113.0000
1624271539116000,1,0.32884955,113.0000
1624271539116000,1,0.62451838,112.9300
1624271572415000,1,1.91999999,112.8200
1624271572536000,1,0.00000001,112.8200
1624271572536000,1,12.71176891,112.8100
1624271572578000,1,10.01830718,112.8100
1624271572873000,1,0.36560608,112.8100
1624271572873000,1,2.65225096,112.8000
1624271572897000,1,0.00000001,112.8000
1624271573554000,1,1.95999999,112.7800
1624271573573000,1,0.00000001,112.7800
1624271599153000,0,7.46531000,112.7800
1624271602139000,0,0.00000624,112.7800
1624271602139000,0,2.95949376,112.7800
1624271602315000,0,4.50582248,112.7800
1624271614654000,1,23.50740000,112.6000
1624271614708000,1,0.00006471,112.6000
1624271615248000,1,0.50000000,112.5600
1624271620051000,1,1.94000000,112.4600
1624271620051000,1,6.02739902,112.4300
1624271621518000,0,7.47598000,112.6100
1624271623548000,0,0.00000423,112.6100
1624271623548000,0,7.47597577,112.6100
1624271625983000,0,0.00000846,112.6100
1624271625983000,0,7.46723154,112.6700
1624271626999000,0,0.00001676,112.6700
1624271626999000,0,37.35998324,112.6900
1624271627116000,0,0.00368286,112.6900
1624271630696000,0,7.46138000,112.8000
1624271630894000,0,0.00000008,112.8000
1624271634410000,0,6.70399731,113.0400
1624271634410000,0,2.10769860,113.0900
1624271635999000,1,1.96000000,112.8800
1624271653505000,0,5.96716000,112.8800
1624271653734000,0,0.00000563,112.8800
1624271657982000,0,5.96250000,112.9500
1624271658384000,0,0.00005205,112.9500
1624271663036000,0,5.95760000,113.0200
1624271669544000,1,0.20730980,112.9200
1624271692225000,1,24.10260000,112.3900
1624271693172000,1,0.00009978,112.3900
1624271697662000,0,0.44054568,112.4400
1624271702568000,1,0.43329517,112.2100
1624271703333000,1,24.52150000,112.1700
1624271703821000,1,0.00007817,112.1700
1624271717657000,1,0.89754236,112.0700
1624271718593000,1,0.53221488,112.0600
1624271719579000,1,0.89000000,112.0000
1624271719682000,1,5.80000000,112.0000
1624271719682000,1,0.89000000,112.0000
1624271720511000,0,0.48046602,112.0700
1624271720511000,0,1.94000000,112.0900
1624271720511000,0,6.01044987,112.1000
1624271720511000,0,1.92000000,112.1200
1624271721236000,0,1.97999999,112.1500
1624271721275000,0,0.00000001,112.1500
1624271721517000,0,1.98000000,112.2100
1624271722350000,0,0.08000000,112.2100
1624271728867000,1,0.31553168,112.1700
1624271728867000,1,2.05061832,112.1700
1624271729142000,1,0.77750000,112.1700
1624271729160000,1,0.00000315,112.1700
1624271729202000,1,0.31553147,112.1500
1624271736588000,0,5.25260000,112.2300
1624271737065000,0,0.00005226,112.2300
