timestamp ms,type,amount,price
1627084881780000,1,0.31281600,105.5300
1627084882107000,1,0.24206000,105.5300
1627084882831000,1,0.98079380,105.5300
1627084883175000,1,0.73019800,105.5300
1627084883311000,1,21.40342929,105.5300
1627084915175000,1,9.28223683,105.3900
1627084915215000,1,0.18943340,105.3900
1627084935576000,0,4.02360059,105.2200
1627084937225000,1,3.40599455,105.0800
1627084982411000,0,0.36852298,105.2400
1627084984165000,1,0.80495800,105.1100
1627085013695000,0,0.94491927,105.3000
1627085091408000,0,1.01400000,105.3400
1627085091473000,0,0.00003500,105.3400
1627085161644000,0,2.75816417,105.6600
1627085179738000,0,4.02000000,105.6100
1627085179753000,0,0.00048612,105.6100
1627085388996000,1,2.30100000,105.3200
1627085422597000,0,3.22218000,105.3800
1627085427280000,0,2.17501714,105.5100
1627085427321000,0,1.04367870,105.5100
1627085489439000,1,3.37609550,105.2700
1627085527412000,1,12.31866800,105.2700
1627085538062000,0,0.36620000,105.4300
1627085563196000,0,3.22002000,105.4800
1627085609931000,1,0.32667932,105.5300
1627085791649000,1,19.00000000,105.4700
1627085791649000,1,10.00000000,105.4700
1627085791649000,1,7.47970817,105.4600
1627085822649000,1,48.00000000,105.5600
1627085822649000,1,10.00000000,105.5600
1627085822649000,1,3.61970000,105.5500
1627085922090000,1,0.63541733,105.6400
1627085940578000,0,3.21027000,105.7900
1627086153374000,0,0.21311843,105.9500
1627086183777000,0,1.56890822,106.1300
1627086183859000,0,0.21311843,106.1300
1627086325695000,0,1.35387810,106.0300
1627086442067000,0,3.20369000,106.0000
1627086737763000,1,0.32273400,106.0100
1627086742329000,1,0.48217400,106.0300
1627086797353000,0,2.39966000,106.1500
1627086797615000,0,0.67300000,106.1700
1627086806712000,1,48.00000000,106.0700
1627086806712000,1,28.88410592,106.0600
1627086818476000,1,0.21900000,106.0200
1627086842770000,1,8.08150673,106.0100
1627086997381000,0,0.27454250,106.2100
1627087089764000,0,9.41977119,106.2200
1627087207507000,1,15.00000000,106.4500
1627087264626000,0,1.00000000,106.6000
1627087264626000,0,7.78386324,106.6500
1627087300228000,0,0.19312808,106.6600
1627087300538000,0,9.38113071,106.6800
1627087324374000,1,0.33043800,106.6200
1627087356199000,0,7.95470908,106.7700
1627087356199000,0,29.44293664,106.7800
1627087356199000,0,10.00000000,106.7900
1627087356199000,0,9.37077970,106.8000
1627087356199000,0,2.81480338,106.8000
1627087356199000,0,23.43137848,106.8100
1627087356199000,0,39.77354536,106.8100
1627087356199000,0,0.51883658,106.8200
1627087356199000,0,59.66448451,106.8300
1627087356199000,0,124.92170000,106.8300
1627087356199000,0,60.90646620,106.8400
1627087356199000,0,157.99494276,106.8400
1627087482389000,1,54.29390000,106.5800
1627087630850000,1,0.24668689,106.4300
1627087631529000,0,6.00000000,106.5200
1627087632113000,0,0.37859000,106.5200
1627087632299000,0,9.39038000,106.5700
1627087632371000,0,0.00000539,106.5700
1627087714510000,0,6.38517000,106.3900
1627087738035000,0,0.00000718,106.3900
1627087738035000,0,6.38410282,106.4000
1627087892687000,0,5.58325000,106.4400
1627087972989000,0,5.58750000,106.3700
1627087991432000,0,4.78950000,106.3600
1627088020768000,0,0.00000126,106.3600
1627088020768000,0,0.00000010,106.3700
1627088020768000,0,4.78880864,106.3800
1627088074497000,1,1.07595400,106.3400
1627088082730000,1,2.00000000,106.3200
1627088159200000,0,4.79601000,106.2400
1627088263686000,1,1.00000000,106.1900
1627088285305000,0,4.79478000,106.2500
1627088331539000,0,4.79443000,106.2600
1627088336607000,0,0.00000069,106.2600
1627088336607000,0,4.79198931,106.3000
1627088351050000,0,0.00000860,106.3000
1627088351050000,0,4.79180140,106.3100
1627088355846000,0,0.00001673,106.3100
1627088356054000,0,4.79000000,106.3500
1627088356070000,0,0.00003881,106.3500
1627088366888000,0,4.78802000,106.4000
1627088403337000,0,3.98908000,106.4300
1627088414298000,1,1.62680000,106.4000
1627088414322000,1,1.62680000,106.4000
1627088426417000,0,0.00000414,106.4400
1627088426500000,0,3.98582000,106.5200
1627088639183000,1,2.22380000,106.2800
1627088639192000,1,7.17240018,106.2800
1627088639192000,1,15.27393982,106.2800
1627088639246000,1,8.23111944,106.2800
1627088639398000,0,4.00377139,106.2700
1627088640016000,1,15.00000000,106.2100
1627088761442000,0,3.99281000,106.3400
1627088775587000,1,0.80982546,106.3100
1627088981181000,1,1.00000000,106.1300
1627089183837000,0,1.82563706,106.3300
1627089304552000,1,3.17850000,106.0400
1627089304564000,1,6.82150000,106.0400
1627089304620000,1,9.42453773,106.0000
1627089304620000,1,4.57546227,105.9600
1627089304698000,1,9.42453773,105.9900
1627089304698000,1,1.73546227,105.9700
1627089304741000,1,4.84900000,105.9600
1627089304842000,1,0.00007546,105.9600
1627089304842000,1,61.26362454,105.9500
1627089304965000,1,1.25000000,105.9600
1627089305052000,1,4.57560000,105.9600
1627089306444000,1,195.02548000,105.8000
1627089306523000,1,3.00000000,105.8000
1627089306586000,1,1.07452000,105.8000
1627089306983000,0,4.05465608,105.8400
1627089310896000,0,9.45439000,105.8500
1627089314078000,1,19.00000000,105.7900
1627089346768000,1,8.00400000,105.9000
1627089346792000,1,6.94140000,105.8600
1627089363263000,0,8.02590000,105.8200
1627089363273000,0,0.00009119,105.8200
1627089363488000,0,23.63575972,105.8700
1627089363488000,0,9.45434028,105.8700
1627089363492000,0,0.00013641,105.8700
1627089363532000,0,40.12790000,105.8800
1627089363639000,0,61.44160000,105.9100
1627089363788000,0,0.00009031,105.9100
1627089363788000,0,23.62950199,105.9100
1627089364026000,0,61.42704307,105.9300
1627089396765000,0,8.00196000,106.1300
1627089424329000,0,0.00000243,106.1300
1627089556441000,1,0.31530000,105.9600
1627089583456000,0,7.20000000,106.0900
1627089589016000,1,23.96020000,106.0000
1627089647345000,0,0.00379943,106.0900
1627089647345000,0,6.39620057,106.1100
1627089647370000,0,0.00552184,106.1100
1627089648386000,0,6.40000000,106.1100
1627089683895000,1,23.94670000,106.0300
1627089899634000,1,24.00710000,105.8000
1627090120959000,1,2.32099252,105.7000
1627090271767000,1,40.00000000,105.6600
1627090271790000,1,19.00000000,105.6600
1627090271860000,1,2.78000000,105.6300
1627090271874000,1,0.49000000,105.6300
1627090271893000,1,20.05972000,105.6300
1627090271973000,1,16.67020000,105.6300
1627090272542000,1,0.00008000,105.6300
1627090273995000,1,0.86537552,105.5100
1627090340494000,0,9.46915000,105.6800
1627090340600000,0,0.00000895,105.6800
1627090340722000,0,3.61136386,105.6900
1627090340723000,0,7.85550000,105.6900
1627090340766000,0,4.01741000,105.6900
1627090340781000,0,8.18773631,105.6900
1627090340960000,0,3.60870000,105.7300
1627090341020000,0,4.01740000,105.7300
1627090471958000,1,0.69795000,106.0200
1627090560269000,1,0.54342779,106.0500
1627090653393000,1,0.72563674,106.2000
1627090865419000,1,0.23608926,106.0300
1627091242453000,0,0.89225298,106.4300
1627091362756000,0,1.42541536,106.5400
1627091731462000,1,9.37850000,106.5600
1627091731566000,1,0.00007558,106.5600
1627092079574000,1,2.30770104,106.4300
1627092456536000,1,0.93531000,106.3500
1627093157865000,1,0.29599505,106.3400
1627093246358000,1,2.30558937,106.3700
1627093548420000,1,2.49094852,106.5200
1627093939724000,0,4.23571430,106.6300
1627094040347000,1,2.08888568,106.5400
1627094141187000,0,0.21183888,106.5800
1627094227414000,0,0.32985865,106.6100
1627094242025000,0,2.19039751,106.5900
1627094242102000,0,0.26385640,106.5900
1627094507730000,0,9.25229847,106.5400
1627094621010000,1,0.56528600,106.5200
1627094994126000,1,0.29191194,106.5200
1627095119612000,0,7.97422610,106.4700
1627095119612000,0,10.00000000,106.5100
1627095119612000,0,39.86612325,106.5200
1627095119612000,0,64.21736227,106.5300
1627095119612000,0,18.81900000,106.5400
1627095119612000,0,23.48450658,106.5500
1627095119653000,0,26.84079604,106.5700
1627095119660000,0,26.84079604,106.5700
1627095119664000,1,1.35138180,106.5600
1627095119680000,0,8.04219790,106.5200
1627095119746000,0,7.97266891,106.5100
1627095119902000,0,1.25000000,106.5700
1627095119946000,0,6.12502268,106.5700
1627095119946000,0,1.24997732,106.5700
1627095119994000,0,8.14360238,106.5700
1627095119994000,0,1.24989762,106.5700
1627095120000000,0,22.23355227,106.5700
1627095120100000,0,15.00000000,106.6300
1627095121714000,0,19.00000000,106.8600
1627095122826000,0,19.00000000,106.9200
1627095122826000,0,46.57614677,106.9400
1627095125867000,1,23.78350000,106.8100
1627095125867000,1,24.70299000,106.8100
1627095127688000,0,7.35000000,106.7500
1627095127688000,0,12.13552448,106.7700
1627095128672000,0,6.86447552,106.7700
1627095205812000,1,14.43249379,106.6200
1627095205893000,1,2.30575278,106.6200
1627095523398000,1,9.34282000,106.9500
1627095601884000,1,9.71000000,106.9900
1627095709780000,1,2.48209818,106.7700
1627095716735000,1,0.68440600,106.8300
1627095980390000,0,0.91394113,106.8900
1627096076549000,0,2.04130097,106.7800
1627096077665000,0,3.00000000,106.7800
1627096103740000,1,19.00000000,106.6100
1627096103740000,1,7.95413389,106.6100
1627096103740000,1,10.00000000,106.6100
1627096103740000,1,9.37558597,106.6000
1627096103740000,1,9.29382191,106.5900
1627096305315000,0,3.00000000,106.6300
1627096311173000,1,2.49024757,106.5100
1627096336970000,1,19.00000000,106.5500
1627096336970000,1,23.85130000,106.5500
1627096336970000,1,9.37963119,106.5400
1627096336970000,1,3.42726215,106.5300
1627096562494000,1,2.30575278,106.6500
1627096753789000,1,0.27700000,106.5800
1627096791215000,0,0.27297295,106.6900
1627096984818000,0,1.58668619,106.7000
1627097396597000,1,5.71260800,106.6400
1627097830845000,1,0.68384681,106.6600
1627098168274000,0,0.30545931,106.7900
1627098423350000,1,0.75000000,106.5900
1627098441831000,1,0.80000000,106.5900
1627099036834000,1,1.59664394,106.9500
1627099038792000,0,0.39268128,106.9800
1627099044694000,0,0.38924000,106.9600
1627099149541000,0,9.32808472,107.2800
1627099213649000,0,0.81000000,107.3000
1627099213661000,0,0.00678666,107.3000
1627099387326000,1,0.30163606,107.3400
1627099426691000,1,7.89948380,107.3500
1627099426776000,0,2.10051620,107.3500
1627099553089000,0,7.90420525,107.4400
1627099553089000,0,9.31202391,107.4600
1627099553176000,0,7.90420525,107.4400
1627099554876000,0,9.29362420,107.6700
1627099554876000,0,13.96237580,107.6900
1627099554895000,0,7.88960000,107.6900
1627099554902000,0,1.40404181,107.6900
1627099554902000,0,59.00085819,107.7300
1627099555278000,0,4.53970000,107.7600
1627099555780000,0,0.33000000,107.8200
1627099557382000,0,1.00000000,108.0000
1627099557382000,0,1.80000000,108.0000
1627099557520000,0,1.00000000,108.0000
1627099601297000,0,1.00000000,107.5500
1627099626534000,0,7.89000000,107.6200
1627099626909000,0,0.00099725,107.6200
1627099757482000,0,30.71000000,107.4800
1627099992814000,0,1.53193863,107.5500
1627100185772000,1,8.49867398,107.3500
1627100423535000,1,9.31610000,107.2900
1627100438513000,1,0.00009154,107.2900
1627100731900000,0,0.70494094,107.0800
1627100749637000,0,7.22550000,107.0800
1627100813338000,1,0.47759000,107.0000
1627101004115000,0,0.29076340,107.1600
1627101015416000,1,0.31691900,107.0600
1627101025114000,0,7.63373915,107.1600
1627101025114000,0,1.56617384,107.1600
1627101286468000,1,0.34229830,107.4600
1627101456929000,1,29.55580000,107.4700
1627101456929000,1,3.56891398,107.4700
1627101505837000,1,2.38060000,107.4600
1627101526407000,0,0.75058080,107.6100
1627101872206000,1,1.00000000,107.4700
1627102027559000,0,7.88813281,107.6500
1627102086072000,0,30.72760549,107.7900
1627102141383000,1,2.28496302,107.5300
1627102173160000,0,19.00000000,107.6700
1627102173160000,0,7.88740231,107.6700
1627102173160000,0,10.00000000,107.6700
1627102173160000,0,203.23320000,107.6800
1627102281941000,1,0.34169390,107.1500
1627102311646000,1,31.55350000,107.1300
1627102312087000,1,31.58850000,107.1100
1627102372415000,1,0.67726527,107.0800
1627102372494000,1,1.66952478,107.0800
1627102407154000,1,1.71116484,107.1000
1627102412991000,0,7.92266000,107.1900
1627102588111000,0,7.91669000,107.2700
1627102876769000,0,1.76040599,107.3900
1627103256713000,1,0.34351964,107.1600
1627103264671000,1,2.43721293,107.1400
1627103573312000,1,10.00000000,107.1200
1627103749100000,1,0.34319297,107.2100
1627103844150000,0,0.45616545,107.1900
1627103980500000,1,0.34322503,107.1900
1627104302387000,0,3.98802311,107.1000
1627104302608000,0,3.98802311,107.0900
1627104350293000,1,0.54421409,106.9900
1627104364107000,0,2.32630455,107.1300
1627104425026000,1,2.29443876,107.0500
1627104576246000,1,2.50000000,107.0300
1627104949247000,1,8.26304392,106.9800
1627105008629000,0,0.45890969,107.0000
1627105083296000,0,18.21900000,107.1000
1627105083296000,0,7.93080000,107.1000
1627105807281000,0,1.60859695,107.4800
1627105827060000,1,0.43577153,107.3100
1627106555412000,1,2.00000000,107.3200
1627106778464000,1,1.73906238,107.2800
1627106885998000,0,7.91290000,107.3200
1627106886328000,0,0.00004432,107.3200
1627106886344000,0,39.56314211,107.3600
1627106886344000,0,0.50924914,107.4100
1627106886344000,0,1.50000000,107.4100
1627106886344000,0,29.38915634,107.4200
1627107304475000,1,2.81800000,107.4100
1627107320367000,0,4.08078042,107.5200
1627107326967000,0,2.02901785,107.5200
1627107708937000,0,6.05728101,107.5400
1627107711821000,1,0.19569471,107.4400
1627107952757000,1,2.28794025,107.4800
1627108113278000,0,1.01350000,107.5600
1627108161528000,0,0.00007466,107.5600
1627108199522000,0,7.88000000,107.7200
1627108199637000,0,0.00812880,107.7200
1627108199902000,0,7.88471517,107.7700
1627108235617000,0,0.22004111,107.8700
1627108389878000,1,31.11080000,107.6800
1627108389933000,1,0.00009328,107.6800
1627108615819000,1,4.62603940,107.5500
1627108948839000,0,19.00000000,107.7600
1627108948839000,0,7.88300665,107.7700
1627108948839000,0,1.78143408,107.7900
1627109081496000,1,3.00000000,107.8100
1627109160245000,1,2.65057525,107.8500
1627109211569000,1,0.34102831,108.0100
1627109232443000,1,3.99900000,108.0500
1627109232524000,1,0.20932179,108.0600
1627109280244000,1,0.63812173,108.1300
1627109356742000,1,2.04990000,108.1500
1627109360852000,1,0.00009999,108.1500
1627109360852000,1,11.04340001,108.1200
1627109383557000,1,0.00016269,108.1200
1627109383557000,1,0.33976208,108.0300
1627109616209000,1,0.34115490,107.6500
1627109642109000,0,16.19790313,107.7800
1627109642465000,1,12.59941000,107.6500
1627109693972000,0,7.87736818,107.8900
1627110257297000,0,2.26932329,107.9400
1627110258223000,0,1.00000000,107.9400
1627110318796000,1,0.27400000,107.8100
1627110345724000,0,0.18434460,107.9500
1627110466539000,1,0.20233100,107.7600
1627110466820000,1,0.09782800,107.7600
1627110490707000,1,4.02487010,107.7600
1627110585293000,0,19.00000000,107.8900
1627110585293000,0,0.20499510,107.9100
1627110661188000,0,3.97606017,107.7500
1627110922874000,0,1.06449517,107.7600
1627111207100000,1,0.49868205,107.5400
1627111207273000,1,0.52616860,107.5400
1627111207972000,1,0.56904600,107.5600
1627111329390000,1,0.20943870,107.5100
1627111361346000,0,1.35307134,107.6300
1627111540005000,1,0.40005631,107.5200
1627111749625000,1,13.72970000,107.5000
1627111861603000,0,1.12745469,107.5700
1627111862553000,1,1.03601568,107.4500
1627111951397000,0,3.98140752,107.4500
1627111999421000,1,0.23000000,107.2600
1627112025987000,1,0.27208794,107.2600
1627112034791000,0,3.98401013,107.3200
1627112128852000,0,0.91667906,107.2800
1627112136579000,0,12.89745000,107.1800
1627112136608000,0,0.00000422,107.1800
1627112187251000,1,0.21609889,107.2000
1627112487557000,1,0.24000000,107.3300
1627112809692000,1,13.96781151,107.2900
1627112850901000,1,0.40113667,107.2900
1627112871300000,1,19.00000000,107.3100
1627112871300000,1,10.00000000,107.3100
1627112871300000,1,2.67054675,107.3000
1627112978573000,1,17.00000000,107.3700
1627113077018000,0,3.33553365,107.5600
1627113113672000,0,0.28884308,107.5900
1627113154661000,0,0.63237336,107.6000
1627113470288000,0,0.44669202,107.6200
1627113619792000,0,7.63563730,107.6400
1627113643477000,1,0.34848000,107.5100
1627113657675000,1,0.84000000,107.4900
1627113749816000,0,19.00000000,107.6200
1627113749816000,0,7.89794609,107.6300
1627113749816000,0,36.30661514,107.6600
1627113834177000,0,3.98581714,107.2100
1627113923582000,0,7.92779000,107.2200
1627113971959000,1,0.32534378,107.3200
1627113982350000,1,4.37916800,107.2600
1627113999114000,0,1.65000000,107.3300
1627114092818000,1,0.34303287,107.1200
1627114101485000,1,34.76000000,107.1000
1627114124188000,0,3.98842276,107.0600
1627114217383000,0,3.99102978,106.9300
1627114314675000,1,0.34389924,106.9000
1627114378982000,0,7.96821000,106.6900
1627114435321000,0,0.00000791,106.6900
1627114435321000,0,7.95999209,106.7200
1627114439690000,0,2.04000000,106.6300
1627114505358000,0,0.00999999,106.6300
1627114505659000,1,1.21153000,106.6500
1627114688093000,0,7.94000000,106.9800
1627114688113000,0,0.00524724,106.9800
1627114742671000,1,1.09277600,106.9100
1627114818882000,0,3.88824464,107.0900
1627114827240000,1,0.45348561,106.9900
1627114866823000,0,2.25846840,107.0700
1627114888957000,1,19.00000000,106.9700
1627114888957000,1,19.00000000,106.9500
1627114888957000,1,9.34404784,106.9400
1627114888957000,1,17.21496216,106.9300
1627114890200000,0,5.35136132,107.0700
1627114932445000,0,4.79000000,107.0000
1627114932507000,0,2.03000000,107.0000
1627114932536000,0,1.21814000,107.0000
1627114932747000,0,4.79000000,107.0000
1627114936494000,0,7.17000000,107.0000
1627114936619000,0,0.00186000,107.0000
1627114941007000,1,0.50330744,106.9500
1627114941091000,1,0.50336252,106.9500
1627115250752000,0,1.81099382,107.2300
1627115286915000,1,2.52200000,107.0900
1627115427054000,1,1.84688487,106.9800
1627115496587000,1,0.99900000,107.0400
1627115496667000,1,10.73658914,107.0400
1627115537125000,0,0.27438907,107.2000
1627115557892000,0,0.46088872,107.2000
1627115816008000,0,0.54788876,106.8800
1627115836476000,1,0.74409770,106.8200
1627116033659000,1,3.10000000,106.7800
1627116033915000,1,9.35943993,106.7800
1627116034978000,1,20.11000000,106.7400
1627116100586000,1,0.50316273,106.7600
1627116206854000,0,2.07364208,106.8300
1627116242627000,1,1.74500000,106.6800
1627116242701000,1,4.40848800,106.6800
1627116273745000,1,0.80535270,106.6000
1627116309623000,0,2.31054364,106.7400
1627116323505000,0,5.00000000,106.7400
1627116334745000,1,0.34418896,106.7200
1627116427500000,1,2.00000000,106.6500
1627116470521000,1,7.95952374,106.6300
1627116598659000,0,7.96000000,106.6600
1627116626985000,1,1.42072373,106.6900
1627116648401000,1,1.63898600,106.7300
1627116762138000,0,4.64448401,106.6900
1627116817472000,0,0.76300938,106.7000
1627116832294000,1,0.57423000,106.5700
1627116848343000,1,0.29800000,106.5700
1627116848416000,1,0.58992000,106.5700
1627116855348000,0,3.00000000,106.6600
1627117176337000,0,0.27287065,106.7400
1627117201459000,0,5.99732457,106.6900
1627117272642000,1,0.34460833,106.7600
1627117335285000,0,3.26950023,107.0500
1627117517283000,0,1.99675404,107.0600
1627117780900000,1,23.75030000,107.0600
1627117799756000,1,0.83321361,106.9900
1627117850201000,1,0.34341737,106.8900
1627117868967000,1,0.30912603,106.9000
1627117976296000,1,0.22899972,106.8500
1627118041209000,1,1.28621102,106.9100
1627118061626000,1,0.47378052,106.8800
1627118092018000,0,0.76117590,106.9600
1627118152169000,0,4.61277188,106.8500
1627118231813000,0,0.77706627,106.9800
1627118435339000,1,9.35730000,106.8000
1627118435348000,1,0.00003802,106.8000
1627118435360000,1,7.94722624,106.7700
1627118435360000,1,23.39717376,106.7700
1627118435365000,1,0.00009198,106.7700
1627118435365000,1,10.00000000,106.7700
1627118435365000,1,39.73133787,106.7600
1627118435365000,1,26.26857015,106.7600
1627118435372000,1,76.00000000,106.7600
1627118435375000,1,76.00000000,106.7600
1627118435378000,1,13.29172985,106.7600
1627118435401000,1,20.53200000,106.7500
1627118435401000,1,89.70470000,106.7500
1627118435402000,1,50.26420000,106.7500
1627118435557000,1,9.35733802,106.7600
1627118435557000,1,10.64266198,106.7500
1627118435576000,1,12.75818371,106.7500
1627118435806000,1,6.91940000,106.6000
1627118456233000,0,1.58832282,106.5600
1627118514374000,0,1.47774608,106.5000
1627118517918000,0,38.00000000,106.5000
1627118518958000,0,7.97511000,106.5400
1627118648461000,1,7.96895426,106.4900
1627118648461000,1,8.32711975,106.4900
1627118657833000,0,0.00000234,106.5400
1627118721414000,0,0.93808631,106.5900
1627118739864000,1,9.43575000,106.4700
1627118754343000,0,0.45877602,106.5900
1627118862093000,1,1.15000000,106.6000
1627119279275000,0,1.00000000,106.8800
1627119309634000,0,0.00715400,106.8800
1627119366115000,1,0.28800000,106.9100
1627119366194000,1,2.55390402,106.9100
1627119581803000,1,6.30298600,106.8800
1627119681321000,1,0.40647400,106.9000
1627119721564000,0,2.26839670,107.0000
1627119761440000,1,19.00000000,106.8900
1627119761440000,1,5.70893741,106.8600
1627119832653000,0,0.91911610,107.0200
1627119996485000,0,60.00000000,106.9900
1627120075153000,1,0.23812734,106.9800
1627120075309000,1,0.20700000,106.9800
1627120075387000,1,0.34409229,106.9800
1627120257582000,1,1.24081703,106.9600
1627120449807000,1,0.30181308,107.0400
1627120449901000,1,0.63140179,107.0400
1627120560371000,1,0.34319297,107.0500
1627120560561000,0,0.27159841,107.1500
1627120723518000,1,0.34351362,107.0200
1627120952775000,1,3.00000000,107.0200
1627120953237000,0,0.90710435,107.0300
1627121196977000,1,1.39700000,106.8100
1627121213748000,0,2.00000000,106.8800
1627121288444000,0,0.30000000,106.8300
1627121317888000,1,0.34438238,106.7700
1627121432539000,0,0.45200472,106.8500
1627121503996000,1,2.84909932,106.6300
1627121518500000,0,7.95898730,106.7700
1627121518500000,0,18.99101270,106.7700
1627121571351000,1,0.29979937,106.7000
1627121612294000,1,0.34464062,106.6900
1627121682990000,0,0.45242807,106.7800
1627121806987000,1,1.28871031,106.8300
1627121850850000,0,5.88000000,106.9400
1627121850896000,0,2.06510676,106.9400
1627121914815000,1,0.30197685,106.8200
1627121970327000,0,7.94000000,106.9100
1627121970392000,0,0.00657352,106.9100
1627122025764000,1,1.00400000,106.8500
1627122120252000,1,0.40874402,106.8300
1627122156762000,0,1.57192000,106.9100
1627122159369000,0,7.20300000,106.9100
1627122160355000,0,0.35290780,106.9100
1627122169483000,0,7.94704752,106.9200
1627122169483000,0,19.00000000,106.9200
1627122169483000,0,38.40290941,106.9500
1627122264017000,0,7.78597356,106.9800
1627122292581000,1,23.37714398,106.8500
1627122292581000,1,9.34980602,106.8500
1627122300552000,0,62.00000000,106.9300
1627122300552000,0,7.95190000,106.9300
1627122389190000,1,0.69500000,106.9100
1627122402825000,0,0.29954034,107.0500
1627122672856000,0,23.73450000,107.3800
1627122673337000,0,55.00000000,107.4300
1627122830781000,1,6.88000000,107.5700
1627122833508000,0,0.91451343,107.5800
1627122881957000,0,3.22073893,107.5800
1627122953116000,0,6.18705458,107.5300
1627123023563000,1,0.30057301,107.4100
1627123025740000,1,18.69942699,107.4100
1627123025740000,1,56.29957301,107.4000
1627123104835000,0,7.91214168,107.4500
1627123104835000,0,23.68369832,107.4500
1627123155861000,0,1.12923814,107.6400
1627123247847000,0,9.16205311,107.6700
1627123285299000,1,1.33124552,107.4800
1627123325743000,1,0.30400000,107.5000
1627123385653000,0,0.36081902,107.6100
1627123506397000,1,0.96900000,107.4500
1627123639529000,0,7.91176000,107.4700
1627123818778000,0,3.94300123,107.5200
1627123829254000,0,0.75728327,107.5200
1627123839736000,0,2.67270067,107.5200
1627123842992000,0,7.90000000,107.5300
1627123986594000,1,0.38010000,107.2200
1627124371094000,1,9.33706816,107.0200
1627124371094000,1,5.66193184,107.0100
1627124494755000,1,0.24466639,106.9200
1627124597809000,0,0.45367934,107.0300
1627125050750000,1,19.00000000,107.1700
1627125050750000,1,10.00000000,107.1700
1627125050750000,1,22.98777943,107.1500
1627125108907000,1,1.01249086,107.2200
1627125118841000,1,0.19274317,107.2200
1627125372394000,0,7.91450000,107.4500
1627125531467000,1,0.18886822,106.9600
1627125553026000,0,2.26437584,107.0700
1627125673353000,1,0.48287000,106.8800
1627125683744000,1,0.19200000,106.7100
1627125728343000,0,4.65876954,106.7900
1627125850290000,0,7.95876238,106.8500
1627125850290000,0,10.66485345,106.8600
1627125872463000,0,7.95000000,106.8800
1627126040831000,0,0.26647232,106.7800
1627126391665000,0,1.19344560,106.8500
1627126469966000,1,0.46047665,106.7100
1627126781315000,1,0.19894560,106.7300
1627126812328000,1,4.71461133,106.7200
1627126837064000,1,1.11473900,106.7500
1627126853580000,1,2.07530000,106.7400
1627126863978000,1,0.50234811,106.7500
1627126864068000,1,0.86104000,106.7500
1627126974517000,1,0.34700000,106.6300
1627127350174000,1,7.59612902,106.8000
1627127381074000,1,2.82053874,106.7700
1627127563023000,1,6.49000000,106.8200
1627127882864000,1,9.34841000,106.9000
1627127936999000,1,0.71202531,106.8000
1627128003555000,1,8.47180871,106.8100
1627128338944000,0,1.50000000,106.6600
1627128346022000,0,0.18968592,106.6600
1627128380897000,1,2.30261488,106.4900
1627128577376000,0,0.23269086,106.8800
1627128582212000,0,0.22705350,106.8200
1627128642627000,1,0.27715000,106.6500
1627128673110000,1,0.34451143,106.6900
1627128733557000,1,2.30175140,106.6200
1627128794470000,1,3.00000000,106.6600
1627128804883000,1,3.00000000,106.6600
1627128866222000,1,3.10000000,106.6200
1627128866222000,1,4.15496361,106.6200
1627128936733000,1,3.00000000,106.6000
1627128947128000,1,3.00000000,106.6000
1627128953367000,0,9.24102893,106.7400
1627129027983000,1,7.25905386,106.6800
1627129068859000,1,0.19222000,106.7300
1627129125136000,0,1.18543087,106.7600
1627129190579000,1,0.85448501,106.7200
1627129210973000,1,0.39810351,106.7000
1627129333368000,0,0.79440400,106.9000
1627129352965000,0,0.90544188,106.9200
1627129389065000,0,0.59027964,106.9100
1627129435248000,0,1.32637979,106.9000
1627129475498000,1,3.10000000,106.7700
1627129684199000,1,3.10000000,106.6600
1627129684199000,1,7.90000000,106.6400
1627129867272000,1,1.23255684,106.6000
1627129869737000,1,0.95738800,106.5800
1627129887676000,1,7.93906538,106.5600
1627129887751000,1,2.49950000,106.5600
1627129887829000,1,0.20007190,106.5600
1627130056556000,1,0.80863000,106.4900
1627130108132000,1,5.00000000,106.5100
1627130130515000,1,0.39816113,106.5700
1627130435217000,1,19.00000000,106.6900
1627130435217000,1,1.00000000,106.6900
1627130648744000,1,2.31441042,106.7000
1627130781053000,1,0.34422117,106.8000
1627130862018000,1,2.00000000,106.8300
1627130942943000,1,0.80709078,106.7900
1627130951528000,1,9.35786000,106.7900
1627131010738000,0,4.75820000,106.8200
1627131134309000,1,3.31646359,106.6900
1627131297111000,0,7.96646000,106.7700
1627131297242000,0,32.46550000,106.7900
1627131305398000,1,0.20860601,106.7500
1627131305481000,1,9.15118433,106.7500
1627131305481000,1,19.00000000,106.7400
1627131305481000,1,10.00000000,106.7400
1627131305481000,1,7.38835965,106.7300
1627131322722000,0,0.45293000,106.7600
1627131396760000,0,0.26348536,106.8400
1627131448243000,1,0.34451143,106.7600
1627131569833000,1,0.29963950,106.8100
1627131671780000,1,2.30024230,106.6700
1627132196305000,1,0.39835231,106.8700
1627132263340000,0,0.99232712,106.8700
1627132320247000,0,4.16047187,106.8700
1627132334939000,0,0.45423121,106.8700
1627132385400000,1,3.34591400,106.7500
1627132446778000,0,0.80914100,106.8900
1627132465590000,0,0.51817944,106.8900
1627132530207000,1,1.72978400,106.7400
1627132580186000,1,1.41043723,106.7500
1627132701027000,0,2.19660888,106.9400
1627132915051000,0,0.90846242,106.8200
1627133071910000,0,0.64106641,106.9000
1627133153003000,0,2.27073109,106.9000
1627133506607000,1,1.31126642,106.7400
1627133577114000,1,4.36487086,106.7600
1627133738368000,1,1.43312671,106.7700
1627133824925000,1,3.15054267,106.7500
1627133965671000,1,0.57369724,106.8200
1627134052158000,0,0.95361784,106.9700
1627134434216000,1,2.30088857,106.7200
1627134455071000,1,1.27109663,106.7300
1627134455153000,1,0.39763436,106.7300
1627134547984000,0,0.26253694,106.8700
1627134723556000,1,0.36641831,106.6800
1627134881962000,1,9.37049045,106.6500
1627134881962000,1,0.62950955,106.6500
1627135011961000,1,0.94000000,106.6400
1627135841189000,0,0.45327714,106.5500
1627135848197000,0,0.45886212,106.5100
1627135873165000,0,0.40000000,106.5600
1627135985499000,1,1.90504023,106.4200
1627136065222000,1,0.27582207,106.4400
1627136247718000,1,0.34554759,106.5000
1627136380093000,0,1.70669739,106.6500
1627136524989000,0,0.81961018,106.6100
1627136528509000,0,0.27320339,106.6100
1627136653231000,1,0.34528795,106.4500
1627136684078000,1,0.34545020,106.4500
1627136847474000,0,0.45366026,106.4800
1627137022599000,0,0.45000000,106.6800
1627137034857000,0,0.42590707,106.6700
1627137446436000,1,0.90030900,106.5900
1627137478636000,1,2.30650799,106.6000
1627137606086000,0,5.48814255,106.8700
1627137670377000,1,0.34480227,106.7400
1627137750677000,0,18.62000000,106.8500
1627137832517000,0,0.95397480,106.9800
1627137833092000,1,2.30175140,106.8700
1627137871383000,0,1.84000000,107.0000
1627137881279000,0,5.55000000,106.9900
1627137881462000,0,1.03000000,106.9900
1627137881541000,0,1.36747328,106.9900
1627137886816000,0,7.94000000,106.9900
1627137887412000,0,0.00747328,106.9900
1627137887412000,0,18.99252672,107.0100
1627137887527000,0,0.00747328,107.0100
1627137888372000,0,7.94000000,106.9900
1627137888440000,0,0.00747328,106.9900
1627137995913000,1,0.34380273,107.1400
1627138062832000,0,2.53000000,107.1900
1627138062923000,0,5.40432422,107.1900
1627138067428000,1,0.40569739,107.1200
1627138077893000,1,0.39849026,107.1400
1627138108751000,0,0.32157273,107.2000
1627138142486000,0,0.67285447,107.1700
1627138211762000,0,7.93000000,107.1800
1627138211833000,0,0.00577221,107.1800
1627138444976000,0,0.48781626,107.0900
1627138492951000,1,3.60600000,106.9400
1627138523343000,1,0.34600000,106.9200
1627138937880000,0,0.27524136,106.6400
1627139190541000,1,0.34470525,106.6100
1627139281757000,1,1.50695400,106.7700
1627139301375000,0,1.66017258,106.9200
1627139371856000,0,3.80239464,107.0200
1627139389069000,0,0.90744349,107.0600
1627139564182000,1,2.29637030,107.0100
1627139601668000,0,10.05669533,107.0800
1627139640286000,0,1.39566802,107.1200
1627139733052000,0,7.94225588,107.1000
1627139733052000,0,39.71774412,107.1100
1627139808791000,0,8.70413555,107.2400
1627139842816000,0,0.29100000,107.0900
1627139929707000,1,0.40552400,106.8700
1627139987285000,1,4.02375302,106.9000
1627139988756000,0,0.46376480,107.0100
1627140003797000,1,9.34754160,106.8900
1627140003797000,1,6.62839547,106.8900
1627140029606000,0,7.95000000,106.9900
1627140029643000,0,0.00101496,106.9900
1627140068182000,1,9.35208739,106.8600
1627140068182000,1,1.50034563,106.8500
1627140068681000,0,4.63851494,106.9600
1627140108900000,1,2.29787432,106.9200
1627140203969000,0,1.34635019,107.0000
1627140251654000,0,7.19000000,106.9300
1627140251718000,0,0.76640319,106.9300
1627140428347000,0,0.74250939,106.9400
1627140503480000,1,0.21983160,106.7600
1627140507753000,1,1.35110000,106.9000
1627140512778000,1,0.00008809,106.9000
1627140610521000,1,1.35000000,106.7800
1627140610645000,1,0.00141527,106.7800
1627140624982000,1,2.29851955,106.7500
1627140666075000,1,1.32433577,106.6700
1627140726604000,0,7.97690794,106.6300
1627140857001000,1,0.78383507,106.6400
1627140948385000,1,2.30412738,106.5200
1627140969221000,0,0.72478072,106.6300
1627141115264000,0,0.45331968,106.6000
1627141192673000,0,4.67814371,106.5700
1627141253431000,1,0.40686000,106.4800
1627141383547000,1,2.30650799,106.5400
1627141477780000,1,1.00000000,106.5200
1627141502044000,0,1.13219055,106.6300
1627141773701000,0,1.00000000,106.7300
1627141782787000,1,0.47489100,106.6200
1627141805037000,1,2.30520892,106.6600
1627141815512000,1,0.41582018,106.7000
1627141824622000,0,0.45804549,106.8600
1627142200740000,0,1.59446777,106.8900
1627142222746000,1,0.50827300,106.7900
1627142251473000,1,0.34800000,106.7800
1627142409211000,0,1.97770000,106.8300
1627142504549000,0,7.97000000,106.7300
1627142504555000,0,0.00355421,106.7300
1627142519644000,0,9.36000000,106.8000
1627142519648000,0,0.00891021,106.8000
1627142533163000,0,5.96000000,106.7500
1627142533188000,0,2.01219389,106.7500
1627142533337000,0,7.97000000,106.7500
1627142588333000,0,7.96000000,106.8400
1627142590724000,0,0.00424932,106.8400
1627142590724000,0,3.05575068,106.8400
1627142591007000,0,4.90000000,106.8400
1627142591011000,0,0.00849864,106.8400
1627142647246000,0,1.11659032,106.9400
1627142889461000,1,19.00000000,106.6000
1627142889461000,1,1.48001824,106.5900
1627143319578000,0,66.00000000,107.3800
1627143347455000,1,1.74243418,107.5100
1627143348551000,0,0.30982110,107.6100
1627143358465000,0,0.45767122,107.5800
1627143439327000,0,0.00632288,107.6100
1627143564257000,0,23.19641000,107.8700
1627143564259000,0,0.00000969,107.8700
1627143623180000,1,7.14900000,107.7200
1627143763644000,1,0.43352000,107.8300
1627144109079000,0,0.54000000,108.1100
1627144188641000,0,0.00096284,108.1100
1627144203258000,1,0.39567948,108.1300
1627144251080000,0,10.09994792,108.1000
1627144253114000,0,8.90005208,108.1000
1627144253114000,0,8.90005208,108.1200
1627144254109000,0,10.09994793,108.1000
1627144255098000,0,8.90005207,108.1000
1627144255098000,0,10.00000000,108.1200
1627144255098000,0,0.09994793,108.1300
1627144255222000,0,19.00000000,108.1300
1627144395268000,1,3.00000000,108.0000
1627144410201000,0,1.24123021,108.0400
1627144433622000,1,0.40532109,107.8900
1627144534882000,0,2.85143580,108.0200
1627144535350000,0,9.71760000,108.0200
1627144595889000,1,2.05004681,107.8900
1627144642567000,1,0.19562470,107.9100
1627144762364000,0,2.00000000,107.9900
1627144795578000,1,19.00000000,107.9600
1627144795578000,1,7.07011800,107.9400
1627144914402000,1,0.32286600,107.9800
1627144918021000,1,0.40151100,107.9600
1627145179270000,1,20.17000000,108.1000
1627145179285000,1,0.00200000,108.1000
1627145257537000,0,1.34669011,108.1700
1627145278746000,1,0.92375000,108.1000
1627145287118000,1,0.00000760,108.1000
1627145287118000,1,2.27255943,108.1000
1627145387301000,0,3.00000000,108.2700
1627145387676000,0,1.00000000,108.3000
1627145388453000,1,0.39133199,108.2300
1627145478137000,1,2.28421674,108.1200
1627145503807000,0,19.00000000,108.2300
1627145509158000,1,2.45625563,108.1200
1627145521383000,1,6.21363470,108.1500
1627145619625000,1,7.86690676,108.2300
1627145630392000,1,7.84608642,108.2400
1627145630392000,1,0.01326068,108.2400
1627145663454000,0,0.83199999,108.3700
1627145663463000,0,0.00000001,108.3700
1627145709862000,0,1.00000000,108.5800
1627145811961000,1,9.21726948,108.4100
1627145811961000,1,4.57967664,108.4100
1627145983542000,1,9.22917000,108.2900
1627146023216000,1,0.86083523,108.0700
1627146126863000,1,2.00000000,108.1000
1627146135974000,1,3.26950023,108.0000
1627146145881000,1,0.44164034,107.9300
1627146206762000,1,1.62660000,107.8900
1627146206837000,1,0.25460670,107.8900
1627146239004000,0,6.83000000,108.0200
1627146240338000,0,1.04000000,108.0200
1627146240428000,0,0.00079021,108.0200
1627146242184000,0,7.86000000,108.0500
1627146242191000,0,0.00895503,108.0500
1627146243483000,0,1.12442531,108.1100
1627146314436000,0,2.83000000,108.1200
1627146314486000,0,5.03636177,108.1200
1627146329149000,0,0.91907140,108.1200
1627146369391000,0,5.17805779,108.1000
1627146406726000,1,0.80129500,108.0300
1627146446963000,1,19.00000000,108.0800
1627146580179000,1,2.28633213,108.0100
1627146583435000,0,19.00000000,108.1300
1627146660622000,1,0.50517495,108.1000
1627146781748000,0,1.46103777,108.2200
1627147202924000,0,0.85514160,108.2900
1627147204372000,1,0.35855672,108.2000
1627147233449000,0,1.10056915,108.2500
1627147269434000,1,0.75335076,108.1700
1627147270493000,0,0.84552216,108.2800
1627147335438000,0,10.00000000,108.2500
1627147370234000,1,0.28328700,108.1300
1627147396164000,1,17.32561766,108.2100
1627147416616000,0,0.46932166,108.3500
1627147447739000,1,1.19592100,108.1800
1627147498685000,1,9.86757584,108.2000
1627147518516000,0,1.30000000,108.3000
1627147769564000,1,0.39390341,107.8200
1627147859066000,1,0.34328073,107.8600
1627147864737000,0,0.27396625,108.0000
1627148056406000,0,1.78726997,108.1500
1627148244173000,1,0.73256808,108.0100
1627148355622000,0,0.28631987,108.1300
1627148459855000,1,0.93850000,107.9500
1627148529190000,0,0.22453032,108.0200
1627148673591000,0,8.88892470,107.6900
1627148774638000,1,1.36577800,107.5500
1627148799950000,1,0.84000000,107.6000
1627148901531000,1,8.91555878,107.6500
1627148958310000,0,0.56168929,107.8100
1627149204500000,1,10.00000000,107.6300
1627149204500000,1,2.19050000,107.6300
1627149480277000,0,1.95647881,107.7800
1627149489230000,1,0.90599400,107.7000
1627149592020000,0,1.00000000,107.7600
1627149601808000,1,2.46641605,107.6300
1627149716809000,1,0.80538500,107.6500
1627149759630000,1,0.69770843,107.6700
1627149833304000,0,7.21035118,107.8200
1627149886811000,1,5.13900000,107.7100
1627150050325000,0,7.89000000,107.8000
1627150050333000,0,0.00044943,107.8000
1627150247538000,1,3.99312225,107.8100
1627150328010000,1,1.34206743,107.7500
1627150440287000,0,0.45897079,107.8500
1627150810433000,1,1.41197567,107.5900
1627150860124000,1,0.18908630,107.5400
1627150902517000,1,0.50000000,107.5000
1627151162461000,1,0.34233020,107.4500
1627151202971000,1,0.99900000,107.4300
1627151296026000,0,0.21531590,107.4700
1627151367702000,0,1.35420372,107.4200
1627151482703000,1,0.94500725,107.2900
1627151529579000,0,4.63058451,107.4400
1627151876218000,1,0.99900000,107.2100
1627151899395000,0,0.20161215,107.3100
1627151946730000,1,0.34312890,107.2100
1627152017176000,1,4.62257932,107.2000
1627152077760000,1,1.24753083,107.0700
1627152177143000,0,1.59600857,107.2300
1627152352370000,0,0.27164907,107.2000
1627152464331000,0,0.27265062,107.0700
1627152513191000,1,0.39884982,106.8700
1627152533605000,1,19.00000000,106.8700
1627152533605000,1,9.35208739,106.8700
1627152533605000,1,3.32823957,106.8500
1627152680081000,1,0.18910000,106.9000
1627152694153000,1,0.34409229,106.9000
1627153095555000,1,0.24151537,106.9100
1627153206901000,1,7.79900000,106.8700
1627153358009000,1,0.25543503,106.7900
1627153469811000,0,0.21352313,106.7800
1627153699549000,1,2.93100000,106.7000
1627153762603000,1,2.38468020,106.6700
1627154214049000,1,0.85000000,106.6700
1627154371487000,1,0.21001858,106.6700
1627154453174000,1,18.06276533,106.6200
1627154504524000,1,4.03280770,106.4800
1627154815926000,1,1.90396783,106.2300
1627154863027000,1,4.71461133,106.3000
1627154906740000,1,3.19015414,106.2800
1627155018939000,0,0.83525068,106.4500
1627155019017000,0,0.31224324,106.4500
1627155029431000,0,0.21217707,106.4400
1627155064198000,1,7.99490253,106.2100
1627155064198000,1,22.00509747,106.2000
1627155252537000,0,1.95190281,106.2300
1627155312945000,1,0.50579698,106.0900
1627155333361000,1,0.53682164,106.0000
1627155333858000,1,1.46317836,106.0000
1627155333858000,1,8.01258133,105.9500
1627155333858000,1,5.27621479,105.9400
1627155547754000,1,0.21590000,105.9400
1627155614256000,1,1.66332524,105.9900
1627155637002000,1,4.78194785,106.0200
1627155685890000,1,0.24871574,105.9900
1627155846879000,1,0.42696846,106.0600
1627155972061000,0,7.86752223,105.9100
1627156003588000,1,0.54000000,105.7500
1627156003616000,1,0.00104425,105.7500
1627156011741000,1,29.66000000,105.6000
1627156040460000,0,0.61057376,105.5800
1627156040494000,0,7.77445048,105.5800
1627156040540000,0,10.61497576,105.5800
1627156046642000,0,0.97000000,105.5900
1627156047563000,0,3.97000000,105.5900
1627156047632000,0,3.11078452,105.5900
1627156057385000,0,8.05000000,105.5800
1627156057435000,0,0.00129865,105.5800
1627156070740000,0,16.20000000,105.5400
1627156070740000,0,1.07000000,105.5400
1627156071582000,0,1.73000000,105.5400
1627156073149000,0,0.47000000,105.5800
1627156073150000,0,0.63000000,105.5800
1627156074931000,0,17.90000000,105.5800
1627156075058000,0,8.05296617,105.6000
1627156075058000,0,2.00000000,105.6000
1627156075058000,0,181.29703383,105.6100
1627156079528000,1,8.54897461,105.4300
1627156088782000,0,32.43000000,105.6400
1627156175902000,1,15.00000000,105.4300
1627156364313000,0,8.05000000,105.5500
1627156364318000,0,0.00239067,105.5500
1627156413476000,0,9.47000000,105.6000
1627156413504000,0,0.00490643,105.6000
1627156435735000,1,9.12114666,105.6300
1627156596962000,0,8.04000000,105.6500
1627156597168000,0,0.00519693,105.6500
1627156598429000,0,8.04519693,105.6500
1627156598429000,0,40.23480307,105.6600
1627156684879000,0,12.76658340,105.6400
1627156787179000,0,0.46329641,105.5400
1627156824916000,1,0.19316200,105.2900
1627156833315000,1,0.41983833,105.3500
1627156913771000,0,0.85612882,105.5600
1627157032302000,0,10.13401199,105.5900
1627157105757000,0,18.62000000,105.6200
1627157105770000,0,0.38000000,105.6200
1627157135142000,1,1.17220633,105.5600
1627157159465000,1,0.99192503,105.5800
1627157225796000,1,0.20058325,105.6600
1627157290572000,1,8.03171056,105.7000
1627157296649000,1,21.52000000,105.6000
1627157296682000,1,0.00900000,105.6000
1627157518753000,1,0.21900000,105.4400
1627157828371000,1,2.00000000,105.4500
1627157913066000,0,2.09867214,105.4400
1627158042613000,1,0.34889221,105.1600
1627158042748000,1,2.00000000,105.1600
1627158083487000,1,0.99900000,105.1100
1627158103524000,0,0.28315085,105.1800
1627158340274000,0,3.56250000,104.8900
1627158340873000,1,4.40922222,104.7800
1627158340902000,1,5.00000000,104.7800
1627158340928000,1,3.00000000,104.7800
1627158415895000,0,0.70357786,104.9400
1627158427416000,1,18.24900000,104.8000
1627158435262000,1,1.70000000,104.8300
1627158477556000,0,24.26490000,104.9900
1627158708724000,0,8.05963785,105.4900
1627158708724000,0,9.48535879,105.4900
1627158708724000,0,18.26910007,105.5000
1627158756401000,1,0.97442500,105.3600
1627158760872000,1,0.70347786,105.2900
1627159082189000,1,0.34895845,105.0400
1627159182183000,0,0.69249200,105.2400
1627159348064000,0,9.31610000,105.2000
1627159535889000,1,0.52134641,105.1200
1627159560556000,1,1.62293000,105.2200
1627159561483000,1,0.30900000,105.1700
1627160045505000,1,1.50316387,105.2500
1627160108043000,0,2.13470972,105.4600
1627160172424000,0,8.06000000,105.2700
1627160172434000,0,0.00976956,105.2700
1627160172598000,0,7.90837417,105.2700
1627160232337000,0,8.07000000,105.2200
1627160232518000,0,0.00434045,105.2200
1627160439733000,0,0.32544362,105.1600
1627160439888000,0,0.21427125,105.1600
1627160510379000,1,0.42159581,104.9000
1627160525337000,1,2.54651313,104.9200
1627160812105000,0,1.49737427,105.3700
1627160820288000,1,8.06529385,105.2300
1627160820288000,1,3.93470615,105.2100
1627160880360000,1,0.98420697,105.3000
1627160947047000,0,0.23026346,105.3500
1627161008894000,0,11.97057706,105.3600
1627161066741000,1,0.97257300,105.1600
1627161105244000,1,0.51192043,105.1700
1627161105334000,1,0.71948895,105.1700
1627161105409000,1,0.51225759,105.1700
1627161282849000,1,0.28889500,105.2200
1627161917839000,1,0.99800000,105.2600
1627161935390000,1,14.39066052,105.3500
1627161935390000,1,190.18240000,105.3400
1627161935390000,1,12.27693948,105.3400
1627161939177000,1,3.06000000,105.2900
1627161939519000,1,10.00000000,105.2900
1627161940028000,1,10.00000000,105.2900
1627161953787000,1,10.00000000,105.2900
1627161988329000,0,8.06267821,105.4100
1627161988329000,0,24.15840000,105.4300
1627161988329000,0,29.95983171,105.4400
1627161988329000,0,44.94710408,105.4600
1627162026942000,1,5.51000000,105.2800
1627162026981000,1,26.45734265,105.2800
1627162079234000,1,1.36069000,105.2400
1627162099769000,0,1.00000000,105.2600
1627162368092000,1,0.93769358,105.3800
1627162611941000,0,1.10594355,105.6600
1627162743452000,1,0.23380753,105.6100
1627163249665000,0,1.86944016,106.1700
1627163347318000,0,0.18771170,106.2800
1627163780375000,0,1.73000000,105.9100
1627163896751000,1,3.50000000,105.8500
1627164121870000,0,8.04189710,105.6800
1627164121870000,0,39.19338108,105.7100
1627164257715000,0,8.04861000,105.6100
1627164684629000,0,0.78884946,105.8400
1627164726467000,0,9.81480100,105.8400
1627164726487000,0,13.43904954,105.8400
1627164726487000,0,8.03044278,105.8400
1627164726839000,1,26.53000000,105.8500
1627164727043000,0,51.00000000,105.8800
1627164751920000,1,0.19259157,105.8200
1627164922814000,0,0.25651391,105.9800
1627165020126000,1,9.46037993,105.6400
1627165020274000,1,9.46037993,105.6300
1627165346507000,1,0.70063634,105.7800
1627165375677000,1,0.32178600,105.8200
1627165668259000,1,0.40675110,105.9200
1627165797152000,0,1.55912095,105.7900
1627165886526000,1,24.04200000,105.7300
1627166000622000,1,1.05176501,105.6700
1627166391347000,0,7.23848897,105.8900
1627166568440000,0,0.23726108,105.9000
1627166634942000,1,4.88189640,105.7500
1627166998169000,0,8.02482000,105.9100
1627167163253000,1,0.79599100,105.6400
1627167177285000,1,0.50846226,105.6400
1627167498777000,1,0.83809280,106.1300
1627167559291000,0,8.00341000,106.1900
1627167589638000,1,0.55530000,106.1500
1627167640452000,1,5.25683963,106.1200
1627167720254000,0,7.86911128,106.0800
1627168093344000,1,6.09503900,105.9600
1627168173178000,1,0.31013616,106.0900
1627168381324000,0,8.02581000,105.9000
1627168434122000,0,8.02906945,105.8700
1627168434122000,0,19.00000000,105.8700
1627168434122000,0,19.00000000,105.8900
1627168434122000,0,31.44500982,105.8900
1627168434122000,0,29.17880145,105.9000
1627168547801000,0,8.02180000,105.9800
1627168547925000,0,9.43890000,106.0100
1627168547998000,0,0.00004888,106.0100
1627168548076000,0,23.59500000,106.0400
1627168574979000,0,3.19669129,106.1800
1627168645844000,0,1.59404098,106.2500
1627168837148000,1,0.57619065,106.0800
1627169323433000,1,0.53045500,106.2800
1627169831474000,1,0.69570000,106.3400
