timestamp ms,type,amount,price
1627084881780000,1,0.31281600,105.5300
1627084882107000,1,0.24206000,105.5300
1627084882831000,1,0.98079380,105.5300
1627084883175000,1,0.73019800,105.5300
1627084883311000,1,21.40342929,105.5300
1627084915175000,1,9.28223683,105.3900
1627084915215000,1,0.18943340,105.3900
1627084935576000,0,4.02360059,105.2200
1627084937225000,1,3.40599455,105.0800
1627084982411000,0,0.36852298,105.2400
1627084984165000,1,0.80495800,105.1100
1627085013695000,0,0.94491927,105.3000
1627085091408000,0,1.01400000,105.3400
1627085091473000,0,0.00003500,105.3400
1627085161644000,0,2.75816417,105.6600
1627085179738000,0,4.02000000,105.6100
1627085179753000,0,0.00048612,105.6100
1627085388996000,1,2.30100000,105.3200
1627085422597000,0,3.22218000,105.3800
1627085427280000,0,2.17501714,105.5100
1627085427321000,0,1.04367870,105.5100
1627085489439000,1,3.37609550,105.2700
1627085527412000,1,12.31866800,105.2700
1627085538062000,0,0.36620000,105.4300
1627085563196000,0,3.22002000,105.4800
1627085609931000,1,0.32667932,105.5300
1627085791649000,1,19.00000000,105.4700
1627085791649000,1,10.00000000,105.4700
1627085791649000,1,7.47970817,105.4600
1627085822649000,1,48.00000000,105.5600
1627085822649000,1,10.00000000,105.5600
1627085822649000,1,3.61970000,105.5500
1627085922090000,1,0.63541733,105.6400
1627085940578000,0,3.21027000,105.7900
1627086153374000,0,0.21311843,105.9500
1627086183777000,0,1.56890822,106.1300
1627086183859000,0,0.21311843,106.1300
1627086325695000,0,1.35387810,106.0300
1627086442067000,0,3.20369000,106.0000
1627086737763000,1,0.32273400,106.0100
1627086742329000,1,0.48217400,106.0300
1627086797353000,0,2.39966000,106.1500
1627086797615000,0,0.67300000,106.1700
1627086806712000,1,48.00000000,106.0700
1627086806712000,1,28.88410592,106.0600
1627086818476000,1,0.21900000,106.0200
1627086842770000,1,8.08150673,106.0100
1627086997381000,0,0.27454250,106.2100
1627087089764000,0,9.41977119,106.2200
1627087207507000,1,15.00000000,106.4500
1627087264626000,0,1.00000000,106.6000
1627087264626000,0,7.78386324,106.6500
1627087300228000,0,0.19312808,106.6600
1627087300538000,0,9.38113071,106.6800
1627087324374000,1,0.33043800,106.6200
1627087356199000,0,7.95470908,106.7700
1627087356199000,0,29.44293664,106.7800
1627087356199000,0,10.00000000,106.7900
1627087356199000,0,9.37077970,106.8000
1627087356199000,0,2.81480338,106.8000
1627087356199000,0,23.43137848,106.8100
1627087356199000,0,39.77354536,106.8100
1627087356199000,0,0.51883658,106.8200
1627087356199000,0,59.66448451,106.8300
1627087356199000,0,124.92170000,106.8300
1627087356199000,0,60.90646620,106.8400
1627087356199000,0,157.99494276,106.8400
1627087482389000,1,54.29390000,106.5800
1627087630850000,1,0.24668689,106.4300
1627087631529000,0,6.00000000,106.5200
1627087632113000,0,0.37859000,106.5200
1627087632299000,0,9.39038000,106.5700
1627087632371000,0,0.00000539,106.5700
1627087714510000,0,6.38517000,106.3900
1627087738035000,0,0.00000718,106.3900
1627087738035000,0,6.38410282,106.4000
1627087892687000,0,5.58325000,106.4400
1627087972989000,0,5.58750000,106.3700
1627087991432000,0,4.78950000,106.3600
1627088020768000,0,0.00000126,106.3600
1627088020768000,0,0.00000010,106.3700
1627088020768000,0,4.78880864,106.3800
1627088074497000,1,1.07595400,106.3400
1627088082730000,1,2.00000000,106.3200
1627088159200000,0,4.79601000,106.2400
1627088263686000,1,1.00000000,106.1900
1627088285305000,0,4.79478000,106.2500
1627088331539000,0,4.79443000,106.2600
1627088336607000,0,0.00000069,106.2600
1627088336607000,0,4.79198931,106.3000
1627088351050000,0,0.00000860,106.3000
1627088351050000,0,4.79180140,106.3100
1627088355846000,0,0.00001673,106.3100
1627088356054000,0,4.79000000,106.3500
1627088356070000,0,0.00003881,106.3500
1627088366888000,0,4.78802000,106.4000
1627088403337000,0,3.98908000,106.4300
1627088414298000,1,1.62680000,106.4000
1627088414322000,1,1.62680000,106.4000
1627088426417000,0,0.00000414,106.4400
1627088426500000,0,3.98582000,106.5200
1627088639183000,1,2.22380000,106.2800
1627088639192000,1,7.17240018,106.2800
1627088639192000,1,15.27393982,106.2800
1627088639246000,1,8.23111944,106.2800
1627088639398000,0,4.00377139,106.2700
1627088640016000,1,15.00000000,106.2100
1627088761442000,0,3.99281000,106.3400
1627088775587000,1,0.80982546,106.3100
1627088981181000,1,1.00000000,106.1300
1627089183837000,0,1.82563706,106.3300
1627089304552000,1,3.17850000,106.0400
1627089304564000,1,6.82150000,106.0400
1627089304620000,1,9.42453773,106.0000
1627089304620000,1,4.57546227,105.9600
1627089304698000,1,9.42453773,105.9900
1627089304698000,1,1.73546227,105.9700
1627089304741000,1,4.84900000,105.9600
1627089304842000,1,0.00007546,105.9600
1627089304842000,1,61.26362454,105.9500
1627089304965000,1,1.25000000,105.9600
1627089305052000,1,4.57560000,105.9600
1627089306444000,1,195.02548000,105.8000
1627089306523000,1,3.00000000,105.8000
1627089306586000,1,1.07452000,105.8000
1627089306983000,0,4.05465608,105.8400
1627089310896000,0,9.45439000,105.8500
1627089314078000,1,19.00000000,105.7900
1627089346768000,1,8.00400000,105.9000
1627089346792000,1,6.94140000,105.8600
1627089363263000,0,8.02590000,105.8200
1627089363273000,0,0.00009119,105.8200
1627089363488000,0,23.63575972,105.8700
1627089363488000,0,9.45434028,105.8700
1627089363492000,0,0.00013641,105.8700
1627089363532000,0,40.12790000,105.8800
1627089363639000,0,61.44160000,105.9100
1627089363788000,0,0.00009031,105.9100
1627089363788000,0,23.62950199,105.9100
1627089364026000,0,61.42704307,105.9300
1627089396765000,0,8.00196000,106.1300
1627089424329000,0,0.00000243,106.1300
1627089556441000,1,0.31530000,105.9600
1627089583456000,0,7.20000000,106.0900
1627089589016000,1,23.96020000,106.0000
1627089647345000,0,0.00379943,106.0900
1627089647345000,0,6.39620057,106.1100
1627089647370000,0,0.00552184,106.1100
1627089648386000,0,6.40000000,106.1100
1627089683895000,1,23.94670000,106.0300
1627089899634000,1,24.00710000,105.8000
1627090120959000,1,2.32099252,105.7000
1627090271767000,1,40.00000000,105.6600
1627090271790000,1,19.00000000,105.6600
1627090271860000,1,2.78000000,105.6300
1627090271874000,1,0.49000000,105.6300
1627090271893000,1,20.05972000,105.6300
1627090271973000,1,16.67020000,105.6300
1627090272542000,1,0.00008000,105.6300
1627090273995000,1,0.86537552,105.5100
1627090340494000,0,9.46915000,105.6800
1627090340600000,0,0.00000895,105.6800
1627090340722000,0,3.61136386,105.6900
1627090340723000,0,7.85550000,105.6900
1627090340766000,0,4.01741000,105.6900
1627090340781000,0,8.18773631,105.6900
1627090340960000,0,3.60870000,105.7300
1627090341020000,0,4.01740000,105.7300
1627090471958000,1,0.69795000,106.0200
1627090560269000,1,0.54342779,106.0500
1627090653393000,1,0.72563674,106.2000
1627090865419000,1,0.23608926,106.0300
1627091242453000,0,0.89225298,106.4300
1627091362756000,0,1.42541536,106.5400
1627091731462000,1,9.37850000,106.5600
1627091731566000,1,0.00007558,106.5600
1627092079574000,1,2.30770104,106.4300
1627092456536000,1,0.93531000,106.3500
1627093157865000,1,0.29599505,106.3400
1627093246358000,1,2.30558937,106.3700
1627093548420000,1,2.49094852,106.5200
1627093939724000,0,4.23571430,106.6300
1627094040347000,1,2.08888568,106.5400
1627094141187000,0,0.21183888,106.5800
1627094227414000,0,0.32985865,106.6100
1627094242025000,0,2.19039751,106.5900
1627094242102000,0,0.26385640,106.5900
1627094507730000,0,9.25229847,106.5400
1627094621010000,1,0.56528600,106.5200
1627094994126000,1,0.29191194,106.5200
1627095119612000,0,7.97422610,106.4700
1627095119612000,0,10.00000000,106.5100
1627095119612000,0,39.86612325,106.5200
1627095119612000,0,64.21736227,106.5300
1627095119612000,0,18.81900000,106.5400
1627095119612000,0,23.48450658,106.5500
1627095119653000,0,26.84079604,106.5700
1627095119660000,0,26.84079604,106.5700
1627095119664000,1,1.35138180,106.5600
1627095119680000,0,8.04219790,106.5200
1627095119746000,0,7.97266891,106.5100
1627095119902000,0,1.25000000,106.5700
1627095119946000,0,6.12502268,106.5700
1627095119946000,0,1.24997732,106.5700
1627095119994000,0,8.14360238,106.5700
1627095119994000,0,1.24989762,106.5700
1627095120000000,0,22.23355227,106.5700
1627095120100000,0,15.00000000,106.6300
1627095121714000,0,19.00000000,106.8600
1627095122826000,0,19.00000000,106.9200
1627095122826000,0,46.57614677,106.9400
1627095125867000,1,23.78350000,106.8100
1627095125867000,1,24.70299000,106.8100
1627095127688000,0,7.35000000,106.7500
1627095127688000,0,12.13552448,106.7700
1627095128672000,0,6.86447552,106.7700
1627095205812000,1,14.43249379,106.6200
1627095205893000,1,2.30575278,106.6200
1627095523398000,1,9.34282000,106.9500
1627095601884000,1,9.71000000,106.9900
1627095709780000,1,2.48209818,106.7700
1627095716735000,1,0.68440600,106.8300
1627095980390000,0,0.91394113,106.8900
1627096076549000,0,2.04130097,106.7800
1627096077665000,0,3.00000000,106.7800
1627096103740000,1,19.00000000,106.6100
1627096103740000,1,7.95413389,106.6100
1627096103740000,1,10.00000000,106.6100
1627096103740000,1,9.37558597,106.6000
1627096103740000,1,9.29382191,106.5900
1627096305315000,0,3.00000000,106.6300
1627096311173000,1,2.49024757,106.5100
1627096336970000,1,19.00000000,106.5500
1627096336970000,1,23.85130000,106.5500
1627096336970000,1,9.37963119,106.5400
1627096336970000,1,3.42726215,106.5300
1627096562494000,1,2.30575278,106.6500
1627096753789000,1,0.27700000,106.5800
1627096791215000,0,0.27297295,106.6900
1627096984818000,0,1.58668619,106.7000
1627097396597000,1,5.71260800,106.6400
1627097830845000,1,0.68384681,106.6600
1627098168274000,0,0.30545931,106.7900
1627098423350000,1,0.75000000,106.5900
1627098441831000,1,0.80000000,106.5900
1627099036834000,1,1.59664394,106.9500
1627099038792000,0,0.39268128,106.9800
1627099044694000,0,0.38924000,106.9600
1627099149541000,0,9.32808472,107.2800
1627099213649000,0,0.81000000,107.3000
1627099213661000,0,0.00678666,107.3000
1627099387326000,1,0.30163606,107.3400
1627099426691000,1,7.89948380,107.3500
1627099426776000,0,2.10051620,107.3500
1627099553089000,0,7.90420525,107.4400
1627099553089000,0,9.31202391,107.4600
1627099553176000,0,7.90420525,107.4400
1627099554876000,0,9.29362420,107.6700
1627099554876000,0,13.96237580,107.6900
1627099554895000,0,7.88960000,107.6900
1627099554902000,0,1.40404181,107.6900
1627099554902000,0,59.00085819,107.7300
1627099555278000,0,4.53970000,107.7600
1627099555780000,0,0.33000000,107.8200
1627099557382000,0,1.00000000,108.0000
1627099557382000,0,1.80000000,108.0000
1627099557520000,0,1.00000000,108.0000
1627099601297000,0,1.00000000,107.5500
1627099626534000,0,7.89000000,107.6200
1627099626909000,0,0.00099725,107.6200
1627099757482000,0,30.71000000,107.4800
1627099992814000,0,1.53193863,107.5500
1627100185772000,1,8.49867398,107.3500
1627100423535000,1,9.31610000,107.2900
1627100438513000,1,0.00009154,107.2900
1627100731900000,0,0.70494094,107.0800
1627100749637000,0,7.22550000,107.0800
1627100813338000,1,0.47759000,107.0000
1627101004115000,0,0.29076340,107.1600
1627101015416000,1,0.31691900,107.0600
1627101025114000,0,7.63373915,107.1600
1627101025114000,0,1.56617384,107.1600
1627101286468000,1,0.34229830,107.4600
1627101456929000,1,29.55580000,107.4700
1627101456929000,1,3.56891398,107.4700
1627101505837000,1,2.38060000,107.4600
1627101526407000,0,0.75058080,107.6100
1627101872206000,1,1.00000000,107.4700
1627102027559000,0,7.88813281,107.6500
1627102086072000,0,30.72760549,107.7900
1627102141383000,1,2.28496302,107.5300
1627102173160000,0,19.00000000,107.6700
1627102173160000,0,7.88740231,107.6700
1627102173160000,0,10.00000000,107.6700
1627102173160000,0,203.23320000,107.6800
1627102281941000,1,0.34169390,107.1500
1627102311646000,1,31.55350000,107.1300
1627102312087000,1,31.58850000,107.1100
1627102372415000,1,0.67726527,107.0800
1627102372494000,1,1.66952478,107.0800
1627102407154000,1,1.71116484,107.1000
1627102412991000,0,7.92266000,107.1900
1627102588111000,0,7.91669000,107.2700
1627102876769000,0,1.76040599,107.3900
1627103256713000,1,0.34351964,107.1600
1627103264671000,1,2.43721293,107.1400
1627103573312000,1,10.00000000,107.1200
1627103749100000,1,0.34319297,107.2100
1627103844150000,0,0.45616545,107.1900
1627103980500000,1,0.34322503,107.1900
1627104302387000,0,3.98802311,107.1000
1627104302608000,0,3.98802311,107.0900
1627104350293000,1,0.54421409,106.9900
1627104364107000,0,2.32630455,107.1300
1627104425026000,1,2.29443876,107.0500
1627104576246000,1,2.50000000,107.0300
1627104949247000,1,8.26304392,106.9800
1627105008629000,0,0.45890969,107.0000
1627105083296000,0,18.21900000,107.1000
1627105083296000,0,7.93080000,107.1000
1627105807281000,0,1.60859695,107.4800
1627105827060000,1,0.43577153,107.3100
1627106555412000,1,2.00000000,107.3200
1627106778464000,1,1.73906238,107.2800
1627106885998000,0,7.91290000,107.3200
1627106886328000,0,0.00004432,107.3200
1627106886344000,0,39.56314211,107.3600
1627106886344000,0,0.50924914,107.4100
1627106886344000,0,1.50000000,107.4100
1627106886344000,0,29.38915634,107.4200
1627107304475000,1,2.81800000,107.4100
1627107320367000,0,4.08078042,107.5200
1627107326967000,0,2.02901785,107.5200
1627107708937000,0,6.05728101,107.5400
1627107711821000,1,0.19569471,107.4400
1627107952757000,1,2.28794025,107.4800
1627108113278000,0,1.01350000,107.5600
1627108161528000,0,0.00007466,107.5600
1627108199522000,0,7.88000000,107.7200
1627108199637000,0,0.00812880,107.7200
1627108199902000,0,7.88471517,107.7700
1627108235617000,0,0.22004111,107.8700
1627108389878000,1,31.11080000,107.6800
1627108389933000,1,0.00009328,107.6800
1627108615819000,1,4.62603940,107.5500
1627108948839000,0,19.00000000,107.7600
1627108948839000,0,7.88300665,107.7700
1627108948839000,0,1.78143408,107.7900
1627109081496000,1,3.00000000,107.8100
1627109160245000,1,2.65057525,107.8500
1627109211569000,1,0.34102831,108.0100
1627109232443000,1,3.99900000,108.0500
1627109232524000,1,0.20932179,108.0600
1627109280244000,1,0.63812173,108.1300
1627109356742000,1,2.04990000,108.1500
1627109360852000,1,0.00009999,108.1500
1627109360852000,1,11.04340001,108.1200
1627109383557000,1,0.00016269,108.1200
1627109383557000,1,0.33976208,108.0300
1627109616209000,1,0.34115490,107.6500
1627109642109000,0,16.19790313,107.7800
1627109642465000,1,12.59941000,107.6500
1627109693972000,0,7.87736818,107.8900
1627110257297000,0,2.26932329,107.9400
1627110258223000,0,1.00000000,107.9400
1627110318796000,1,0.27400000,107.8100
1627110345724000,0,0.18434460,107.9500
1627110466539000,1,0.20233100,107.7600
1627110466820000,1,0.09782800,107.7600
1627110490707000,1,4.02487010,107.7600
1627110585293000,0,19.00000000,107.8900
1627110585293000,0,0.20499510,107.9100
1627110661188000,0,3.97606017,107.7500
1627110922874000,0,1.06449517,107.7600
1627111207100000,1,0.49868205,107.5400
1627111207273000,1,0.52616860,107.5400
1627111207972000,1,0.56904600,107.5600
1627111329390000,1,0.20943870,107.5100
1627111361346000,0,1.35307134,107.6300
1627111540005000,1,0.40005631,107.5200
1627111749625000,1,13.72970000,107.5000
1627111861603000,0,1.12745469,107.5700
1627111862553000,1,1.03601568,107.4500
1627111951397000,0,3.98140752,107.4500
1627111999421000,1,0.23000000,107.2600
1627112025987000,1,0.27208794,107.2600
1627112034791000,0,3.98401013,107.3200
1627112128852000,0,0.91667906,107.2800
1627112136579000,0,12.89745000,107.1800
1627112136608000,0,0.00000422,107.1800
1627112187251000,1,0.21609889,107.2000
1627112487557000,1,0.24000000,107.3300
1627112809692000,1,13.96781151,107.2900
1627112850901000,1,0.40113667,107.2900
1627112871300000,1,19.00000000,107.3100
1627112871300000,1,10.00000000,107.3100
1627112871300000,1,2.67054675,107.3000
1627112978573000,1,17.00000000,107.3700
1627113077018000,0,3.33553365,107.5600
1627113113672000,0,0.28884308,107.5900
1627113154661000,0,0.63237336,107.6000
1627113470288000,0,0.44669202,107.6200
1627113619792000,0,7.63563730,107.6400
1627113643477000,1,0.34848000,107.5100
1627113657675000,1,0.84000000,107.4900
1627113749816000,0,19.00000000,107.6200
1627113749816000,0,7.89794609,107.6300
1627113749816000,0,36.30661514,107.6600
1627113834177000,0,3.98581714,107.2100
1627113923582000,0,7.92779000,107.2200
1627113971959000,1,0.32534378,107.3200
1627113982350000,1,4.37916800,107.2600
1627113999114000,0,1.65000000,107.3300
1627114092818000,1,0.34303287,107.1200
1627114101485000,1,34.76000000,107.1000
1627114124188000,0,3.98842276,107.0600
1627114217383000,0,3.99102978,106.9300
1627114314675000,1,0.34389924,106.9000
1627114378982000,0,7.96821000,106.6900
1627114435321000,0,0.00000791,106.6900
1627114435321000,0,7.95999209,106.7200
1627114439690000,0,2.04000000,106.6300
1627114505358000,0,0.00999999,106.6300
1627114505659000,1,1.21153000,106.6500
1627114688093000,0,7.94000000,106.9800
1627114688113000,0,0.00524724,106.9800
1627114742671000,1,1.09277600,106.9100
1627114818882000,0,3.88824464,107.0900
1627114827240000,1,0.45348561,106.9900
1627114866823000,0,2.25846840,107.0700
1627114888957000,1,19.00000000,106.9700
1627114888957000,1,19.00000000,106.9500
1627114888957000,1,9.34404784,106.9400
1627114888957000,1,17.21496216,106.9300
1627114890200000,0,5.35136132,107.0700
1627114932445000,0,4.79000000,107.0000
1627114932507000,0,2.03000000,107.0000
1627114932536000,0,1.21814000,107.0000
1627114932747000,0,4.79000000,107.0000
1627114936494000,0,7.17000000,107.0000
1627114936619000,0,0.00186000,107.0000
1627114941007000,1,0.50330744,106.9500
1627114941091000,1,0.50336252,106.9500
1627115250752000,0,1.81099382,107.2300
1627115286915000,1,2.52200000,107.0900
1627115427054000,1,1.84688487,106.9800
1627115496587000,1,0.99900000,107.0400
1627115496667000,1,10.73658914,107.0400
1627115537125000,0,0.27438907,107.2000
1627115557892000,0,0.46088872,107.2000
1627115816008000,0,0.54788876,106.8800
1627115836476000,1,0.74409770,106.8200
1627116033659000,1,3.10000000,106.7800
1627116033915000,1,9.35943993,106.7800
1627116034978000,1,20.11000000,106.7400
1627116100586000,1,0.50316273,106.7600
1627116206854000,0,2.07364208,106.8300
1627116242627000,1,1.74500000,106.6800
1627116242701000,1,4.40848800,106.6800
1627116273745000,1,0.80535270,106.6000
1627116309623000,0,2.31054364,106.7400
1627116323505000,0,5.00000000,106.7400
1627116334745000,1,0.34418896,106.7200
1627116427500000,1,2.00000000,106.6500
1627116470521000,1,7.95952374,106.6300
1627116598659000,0,7.96000000,106.6600
1627116626985000,1,1.42072373,106.6900
1627116648401000,1,1.63898600,106.7300
1627116762138000,0,4.64448401,106.6900
1627116817472000,0,0.76300938,106.7000
1627116832294000,1,0.57423000,106.5700
1627116848343000,1,0.29800000,106.5700
1627116848416000,1,0.58992000,106.5700
1627116855348000,0,3.00000000,106.6600
1627117176337000,0,0.27287065,106.7400
1627117201459000,0,5.99732457,106.6900
1627117272642000,1,0.34460833,106.7600
1627117335285000,0,3.26950023,107.0500
1627117517283000,0,1.99675404,107.0600
1627117780900000,1,23.75030000,107.0600
1627117799756000,1,0.83321361,106.9900
1627117850201000,1,0.34341737,106.8900
1627117868967000,1,0.30912603,106.9000
1627117976296000,1,0.22899972,106.8500
1627118041209000,1,1.28621102,106.9100
1627118061626000,1,0.47378052,106.8800
1627118092018000,0,0.76117590,106.9600
1627118152169000,0,4.61277188,106.8500
1627118231813000,0,0.77706627,106.9800
1627118435339000,1,9.35730000,106.8000
1627118435348000,1,0.00003802,106.8000
1627118435360000,1,7.94722624,106.7700
1627118435360000,1,23.39717376,106.7700
1627118435365000,1,0.00009198,106.7700
1627118435365000,1,10.00000000,106.7700
1627118435365000,1,39.73133787,106.7600
1627118435365000,1,26.26857015,106.7600
1627118435372000,1,76.00000000,106.7600
1627118435375000,1,76.00000000,106.7600
1627118435378000,1,13.29172985,106.7600
1627118435401000,1,20.53200000,106.7500
1627118435401000,1,89.70470000,106.7500
1627118435402000,1,50.26420000,106.7500
1627118435557000,1,9.35733802,106.7600
1627118435557000,1,10.64266198,106.7500
1627118435576000,1,12.75818371,106.7500
1627118435806000,1,6.91940000,106.6000
1627118456233000,0,1.58832282,106.5600
1627118514374000,0,1.47774608,106.5000
1627118517918000,0,38.00000000,106.5000
1627118518958000,0,7.97511000,106.5400
1627118648461000,1,7.96895426,106.4900
1627118648461000,1,8.32711975,106.4900
1627118657833000,0,0.00000234,106.5400
1627118721414000,0,0.93808631,106.5900
1627118739864000,1,9.43575000,106.4700
1627118754343000,0,0.45877602,106.5900
1627118862093000,1,1.15000000,106.6000
1627119279275000,0,1.00000000,106.8800
1627119309634000,0,0.00715400,106.8800
1627119366115000,1,0.28800000,106.9100
1627119366194000,1,2.55390402,106.9100
1627119581803000,1,6.30298600,106.8800
1627119681321000,1,0.40647400,106.9000
1627119721564000,0,2.26839670,107.0000
1627119761440000,1,19.00000000,106.8900
1627119761440000,1,5.70893741,106.8600
1627119832653000,0,0.91911610,107.0200
1627119996485000,0,60.00000000,106.9900
1627120075153000,1,0.23812734,106.9800
1627120075309000,1,0.20700000,106.9800
1627120075387000,1,0.34409229,106.9800
1627120257582000,1,1.24081703,106.9600
1627120449807000,1,0.30181308,107.0400
1627120449901000,1,0.63140179,107.0400
1627120560371000,1,0.34319297,107.0500
1627120560561000,0,0.27159841,107.1500
1627120723518000,1,0.34351362,107.0200
1627120952775000,1,3.00000000,107.0200
1627120953237000,0,0.90710435,107.0300
1627121196977000,1,1.39700000,106.8100
1627121213748000,0,2.00000000,106.8800
1627121288444000,0,0.30000000,106.8300
1627121317888000,1,0.34438238,106.7700
1627121432539000,0,0.45200472,106.8500
1627121503996000,1,2.84909932,106.6300
1627121518500000,0,7.95898730,106.7700
1627121518500000,0,18.99101270,106.7700
1627121571351000,1,0.29979937,106.7000
1627121612294000,1,0.34464062,106.6900
1627121682990000,0,0.45242807,106.7800
1627121806987000,1,1.28871031,106.8300
1627121850850000,0,5.88000000,106.9400
1627121850896000,0,2.06510676,106.9400
1627121914815000,1,0.30197685,106.8200
1627121970327000,0,7.94000000,106.9100
1627121970392000,0,0.00657352,106.9100
1627122025764000,1,1.00400000,106.8500
1627122120252000,1,0.40874402,106.8300
1627122156762000,0,1.57192000,106.9100
1627122159369000,0,7.20300000,106.9100
1627122160355000,0,0.35290780,106.9100
1627122169483000,0,7.94704752,106.9200
1627122169483000,0,19.00000000,106.9200
1627122169483000,0,38.40290941,106.9500
1627122264017000,0,7.78597356,106.9800
1627122292581000,1,23.37714398,106.8500
1627122292581000,1,9.34980602,106.8500
1627122300552000,0,62.00000000,106.9300
1627122300552000,0,7.95190000,106.9300
1627122389190000,1,0.69500000,106.9100
1627122402825000,0,0.29954034,107.0500
1627122672856000,0,23.73450000,107.3800
1627122673337000,0,55.00000000,107.4300
1627122830781000,1,6.88000000,107.5700
1627122833508000,0,0.91451343,107.5800
1627122881957000,0,3.22073893,107.5800
1627122953116000,0,6.18705458,107.5300
1627123023563000,1,0.30057301,107.4100
1627123025740000,1,18.69942699,107.4100
1627123025740000,1,56.29957301,107.4000
1627123104835000,0,7.91214168,107.4500
1627123104835000,0,23.68369832,107.4500
1627123155861000,0,1.12923814,107.6400
1627123247847000,0,9.16205311,107.6700
1627123285299000,1,1.33124552,107.4800
1627123325743000,1,0.30400000,107.5000
1627123385653000,0,0.36081902,107.6100
1627123506397000,1,0.96900000,107.4500
1627123639529000,0,7.91176000,107.4700
1627123818778000,0,3.94300123,107.5200
1627123829254000,0,0.75728327,107.5200
1627123839736000,0,2.67270067,107.5200
1627123842992000,0,7.90000000,107.5300
1627123986594000,1,0.38010000,107.2200
1627124371094000,1,9.33706816,107.0200
1627124371094000,1,5.66193184,107.0100
1627124494755000,1,0.24466639,106.9200
1627124597809000,0,0.45367934,107.0300
1627125050750000,1,19.00000000,107.1700
1627125050750000,1,10.00000000,107.1700
1627125050750000,1,22.98777943,107.1500
1627125108907000,1,1.01249086,107.2200
1627125118841000,1,0.19274317,107.2200
1627125372394000,0,7.91450000,107.4500
1627125531467000,1,0.18886822,106.9600
1627125553026000,0,2.26437584,107.0700
1627125673353000,1,0.48287000,106.8800
1627125683744000,1,0.19200000,106.7100
1627125728343000,0,4.65876954,106.7900
1627125850290000,0,7.95876238,106.8500
1627125850290000,0,10.66485345,106.8600
1627125872463000,0,7.95000000,106.8800
1627126040831000,0,0.26647232,106.7800
1627126391665000,0,1.19344560,106.8500
1627126469966000,1,0.46047665,106.7100
1627126781315000,1,0.19894560,106.7300
1627126812328000,1,4.71461133,106.7200
1627126837064000,1,1.11473900,106.7500
1627126853580000,1,2.07530000,106.7400
1627126863978000,1,0.50234811,106.7500
1627126864068000,1,0.86104000,106.7500
1627126974517000,1,0.34700000,106.6300
1627127350174000,1,7.59612902,106.8000
1627127381074000,1,2.82053874,106.7700
1627127563023000,1,6.49000000,106.8200
1627127882864000,1,9.34841000,106.9000
1627127936999000,1,0.71202531,106.8000
1627128003555000,1,8.47180871,106.8100
1627128338944000,0,1.50000000,106.6600
1627128346022000,0,0.18968592,106.6600
1627128380897000,1,2.30261488,106.4900
1627128577376000,0,0.23269086,106.8800
1627128582212000,0,0.22705350,106.8200
1627128642627000,1,0.27715000,106.6500
1627128673110000,1,0.34451143,106.6900
1627128733557000,1,2.30175140,106.6200
1627128794470000,1,3.00000000,106.6600
1627128804883000,1,3.00000000,106.6600
1627128866222000,1,3.10000000,106.6200
1627128866222000,1,4.15496361,106.6200
1627128936733000,1,3.00000000,106.6000
1627128947128000,1,3.00000000,106.6000
1627128953367000,0,9.24102893,106.7400
1627129027983000,1,7.25905386,106.6800
1627129068859000,1,0.19222000,106.7300
1627129125136000,0,1.18543087,106.7600
1627129190579000,1,0.85448501,106.7200
1627129210973000,1,0.39810351,106.7000
1627129333368000,0,0.79440400,106.9000
1627129352965000,0,0.90544188,106.9200
1627129389065000,0,0.59027964,106.9100
1627129435248000,0,1.32637979,106.9000
1627129475498000,1,3.10000000,106.7700
1627129684199000,1,3.10000000,106.6600
1627129684199000,1,7.90000000,106.6400
1627129867272000,1,1.23255684,106.6000
1627129869737000,1,0.95738800,106.5800
1627129887676000,1,7.93906538,106.5600
1627129887751000,1,2.49950000,106.5600
1627129887829000,1,0.20007190,106.5600
1627130056556000,1,0.80863000,106.4900
1627130108132000,1,5.00000000,106.5100
1627130130515000,1,0.39816113,106.5700
1627130435217000,1,19.00000000,106.6900
1627130435217000,1,1.00000000,106.6900
1627130648744000,1,2.31441042,106.7000
1627130781053000,1,0.34422117,106.8000
1627130862018000,1,2.00000000,106.8300
1627130942943000,1,0.80709078,106.7900
1627130951528000,1,9.35786000,106.7900
1627131010738000,0,4.75820000,106.8200
1627131134309000,1,3.31646359,106.6900
1627131297111000,0,7.96646000,106.7700
1627131297242000,0,32.46550000,106.7900
1627131305398000,1,0.20860601,106.7500
1627131305481000,1,9.15118433,106.7500
1627131305481000,1,19.00000000,106.7400
1627131305481000,1,10.00000000,106.7400
1627131305481000,1,7.38835965,106.7300
1627131322722000,0,0.45293000,106.7600
1627131396760000,0,0.26348536,106.8400
1627131448243000,1,0.34451143,106.7600
1627131569833000,1,0.29963950,106.8100
1627131671780000,1,2.30024230,106.6700
1627132196305000,1,0.39835231,106.8700
1627132263340000,0,0.99232712,106.8700
1627132320247000,0,4.16047187,106.8700
1627132334939000,0,0.45423121,106.8700
1627132385400000,1,3.34591400,106.7500
1627132446778000,0,0.80914100,106.8900
1627132465590000,0,0.51817944,106.8900
1627132530207000,1,1.72978400,106.7400
1627132580186000,1,1.41043723,106.7500
1627132701027000,0,2.19660888,106.9400
1627132915051000,0,0.90846242,106.8200
1627133071910000,0,0.64106641,106.9000
1627133153003000,0,2.27073109,106.9000
1627133506607000,1,1.31126642,106.7400
1627133577114000,1,4.36487086,106.7600
1627133738368000,1,1.43312671,106.7700
1627133824925000,1,3.15054267,106.7500
1627133965671000,1,0.57369724,106.8200
1627134052158000,0,0.95361784,106.9700
1627134434216000,1,2.30088857,106.7200
1627134455071000,1,1.27109663,106.7300
1627134455153000,1,0.39763436,106.7300
1627134547984000,0,0.26253694,106.8700
1627134723556000,1,0.36641831,106.6800
1627134881962000,1,9.37049045,106.6500
1627134881962000,1,0.62950955,106.6500
1627135011961000,1,0.94000000,106.6400
1627135841189000,0,0.45327714,106.5500
1627135848197000,0,0.45886212,106.5100
1627135873165000,0,0.40000000,106.5600
1627135985499000,1,1.90504023,106.4200
1627136065222000,1,0.27582207,106.4400
1627136247718000,1,0.34554759,106.5000
1627136380093000,0,1.70669739,106.6500
1627136524989000,0,0.81961018,106.6100
1627136528509000,0,0.27320339,106.6100
1627136653231000,1,0.34528795,106.4500
1627136684078000,1,0.34545020,106.4500
1627136847474000,0,0.45366026,106.4800
1627137022599000,0,0.45000000,106.6800
1627137034857000,0,0.42590707,106.6700
1627137446436000,1,0.90030900,106.5900
1627137478636000,1,2.30650799,106.6000
1627137606086000,0,5.48814255,106.8700
1627137670377000,1,0.34480227,106.7400
1627137750677000,0,18.62000000,106.8500
1627137832517000,0,0.95397480,106.9800
1627137833092000,1,2.30175140,106.8700
1627137871383000,0,1.84000000,107.0000
1627137881279000,0,5.55000000,106.9900
1627137881462000,0,1.03000000,106.9900
1627137881541000,0,1.36747328,106.9900
1627137886816000,0,7.94000000,106.9900
1627137887412000,0,0.00747328,106.9900
1627137887412000,0,18.99252672,107.0100
1627137887527000,0,0.00747328,107.0100
1627137888372000,0,7.94000000,106.9900
1627137888440000,0,0.00747328,106.9900
1627137995913000,1,0.34380273,107.1400
1627138062832000,0,2.53000000,107.1900
1627138062923000,0,5.40432422,107.1900
1627138067428000,1,0.40569739,107.1200
1627138077893000,1,0.39849026,107.1400
1627138108751000,0,0.32157273,107.2000
1627138142486000,0,0.67285447,107.1700
1627138211762000,0,7.93000000,107.1800
1627138211833000,0,0.00577221,107.1800
1627138444976000,0,0.48781626,107.0900
1627138492951000,1,3.60600000,106.9400
1627138523343000,1,0.34600000,106.9200
1627138937880000,0,0.27524136,106.6400
1627139190541000,1,0.34470525,106.6100
1627139281757000,1,1.50695400,106.7700
1627139301375000,0,1.66017258,106.9200
1627139371856000,0,3.80239464,107.0200
1627139389069000,0,0.90744349,107.0600
1627139564182000,1,2.29637030,107.0100
1627139601668000,0,10.05669533,107.0800
1627139640286000,0,1.39566802,107.1200
1627139733052000,0,7.94225588,107.1000
1627139733052000,0,39.71774412,107.1100
1627139808791000,0,8.70413555,107.2400
1627139842816000,0,0.29100000,107.0900
1627139929707000,1,0.40552400,106.8700
1627139987285000,1,4.02375302,106.9000
1627139988756000,0,0.46376480,107.0100
1627140003797000,1,9.34754160,106.8900
1627140003797000,1,6.62839547,106.8900
1627140029606000,0,7.95000000,106.9900
1627140029643000,0,0.00101496,106.9900
1627140068182000,1,9.35208739,106.8600
1627140068182000,1,1.50034563,106.8500
1627140068681000,0,4.63851494,106.9600
1627140108900000,1,2.29787432,106.9200
1627140203969000,0,1.34635019,107.0000
1627140251654000,0,7.19000000,106.9300
1627140251718000,0,0.76640319,106.9300
1627140428347000,0,0.74250939,106.9400
1627140503480000,1,0.21983160,106.7600
1627140507753000,1,1.35110000,106.9000
1627140512778000,1,0.00008809,106.9000
1627140610521000,1,1.35000000,106.7800
1627140610645000,1,0.00141527,106.7800
1627140624982000,1,2.29851955,106.7500
1627140666075000,1,1.32433577,106.6700
1627140726604000,0,7.97690794,106.6300
1627140857001000,1,0.78383507,106.6400
1627140948385000,1,2.30412738,106.5200
1627140969221000,0,0.72478072,106.6300
1627141115264000,0,0.45331968,106.6000
1627141192673000,0,4.67814371,106.5700
1627141253431000,1,0.40686000,106.4800
1627141383547000,1,2.30650799,106.5400
1627141477780000,1,1.00000000,106.5200
1627141502044000,0,1.13219055,106.6300
1627141773701000,0,1.00000000,106.7300
1627141782787000,1,0.47489100,106.6200
1627141805037000,1,2.30520892,106.6600
1627141815512000,1,0.41582018,106.7000
1627141824622000,0,0.45804549,106.8600
1627142200740000,0,1.59446777,106.8900
1627142222746000,1,0.50827300,106.7900
1627142251473000,1,0.34800000,106.7800
1627142409211000,0,1.97770000,106.8300
1627142504549000,0,7.97000000,106.7300
1627142504555000,0,0.00355421,106.7300
1627142519644000,0,9.36000000,106.8000
1627142519648000,0,0.00891021,106.8000
1627142533163000,0,5.96000000,106.7500
1627142533188000,0,2.01219389,106.7500
1627142533337000,0,7.97000000,106.7500
1627142588333000,0,7.96000000,106.8400
1627142590724000,0,0.00424932,106.8400
1627142590724000,0,3.05575068,106.8400
1627142591007000,0,4.90000000,106.8400
1627142591011000,0,0.00849864,106.8400
1627142647246000,0,1.11659032,106.9400
1627142889461000,1,19.00000000,106.6000
1627142889461000,1,1.48001824,106.5900
1627143319578000,0,66.00000000,107.3800
1627143347455000,1,1.74243418,107.5100
1627143348551000,0,0.30982110,107.6100
1627143358465000,0,0.45767122,107.5800
1627143439327000,0,0.00632288,107.6100
1627143564257000,0,23.19641000,107.8700
1627143564259000,0,0.00000969,107.8700
1627143623180000,1,7.14900000,107.7200
1627143763644000,1,0.43352000,107.8300
1627144109079000,0,0.54000000,108.1100
1627144188641000,0,0.00096284,108.1100
1627144203258000,1,0.39567948,108.1300
1627144251080000,0,10.09994792,108.1000
1627144253114000,0,8.90005208,108.1000
1627144253114000,0,8.90005208,108.1200
1627144254109000,0,10.09994793,108.1000
1627144255098000,0,8.90005207,108.1000
1627144255098000,0,10.00000000,108.1200
1627144255098000,0,0.09994793,108.1300
1627144255222000,0,19.00000000,108.1300
1627144395268000,1,3.00000000,108.0000
1627144410201000,0,1.24123021,108.0400
1627144433622000,1,0.40532109,107.8900
1627144534882000,0,2.85143580,108.0200
1627144535350000,0,9.71760000,108.0200
1627144595889000,1,2.05004681,107.8900
1627144642567000,1,0.19562470,107.9100
1627144762364000,0,2.00000000,107.9900
1627144795578000,1,19.00000000,107.9600
1627144795578000,1,7.07011800,107.9400
1627144914402000,1,0.32286600,107.9800
1627144918021000,1,0.40151100,107.9600
1627145179270000,1,20.17000000,108.1000
1627145179285000,1,0.00200000,108.1000
1627145257537000,0,1.34669011,108.1700
1627145278746000,1,0.92375000,108.1000
1627145287118000,1,0.00000760,108.1000
1627145287118000,1,2.27255943,108.1000
1627145387301000,0,3.00000000,108.2700
1627145387676000,0,1.00000000,108.3000
1627145388453000,1,0.39133199,108.2300
1627145478137000,1,2.28421674,108.1200
1627145503807000,0,19.00000000,108.2300
1627145509158000,1,2.45625563,108.1200
1627145521383000,1,6.21363470,108.1500
1627145619625000,1,7.86690676,108.2300
1627145630392000,1,7.84608642,108.2400
1627145630392000,1,0.01326068,108.2400
1627145663454000,0,0.83199999,108.3700
1627145663463000,0,0.00000001,108.3700
1627145709862000,0,1.00000000,108.5800
1627145811961000,1,9.21726948,108.4100
1627145811961000,1,4.57967664,108.4100
1627145983542000,1,9.22917000,108.2900
1627146023216000,1,0.86083523,108.0700
1627146126863000,1,2.00000000,108.1000
1627146135974000,1,3.26950023,108.0000
1627146145881000,1,0.44164034,107.9300
1627146206762000,1,1.62660000,107.8900
1627146206837000,1,0.25460670,107.8900
1627146239004000,0,6.83000000,108.0200
1627146240338000,0,1.04000000,108.0200
1627146240428000,0,0.00079021,108.0200
1627146242184000,0,7.86000000,108.0500
1627146242191000,0,0.00895503,108.0500
1627146243483000,0,1.12442531,108.1100
1627146314436000,0,2.83000000,108.1200
1627146314486000,0,5.03636177,108.1200
1627146329149000,0,0.91907140,108.1200
1627146369391000,0,5.17805779,108.1000
1627146406726000,1,0.80129500,108.0300
1627146446963000,1,19.00000000,108.0800
1627146580179000,1,2.28633213,108.0100
1627146583435000,0,19.00000000,108.1300
1627146660622000,1,0.50517495,108.1000
1627146781748000,0,1.46103777,108.2200
1627147202924000,0,0.85514160,108.2900
1627147204372000,1,0.35855672,108.2000
1627147233449000,0,1.10056915,108.2500
1627147269434000,1,0.75335076,108.1700
1627147270493000,0,0.84552216,108.2800
1627147335438000,0,10.00000000,108.2500
1627147370234000,1,0.28328700,108.1300
1627147396164000,1,17.32561766,108.2100
1627147416616000,0,0.46932166,108.3500
1627147447739000,1,1.19592100,108.1800
1627147498685000,1,9.86757584,108.2000
1627147518516000,0,1.30000000,108.3000
1627147769564000,1,0.39390341,107.8200
1627147859066000,1,0.34328073,107.8600
1627147864737000,0,0.27396625,108.0000
1627148056406000,0,1.78726997,108.1500
1627148244173000,1,0.73256808,108.0100
1627148355622000,0,0.28631987,108.1300
1627148459855000,1,0.93850000,107.9500
1627148529190000,0,0.22453032,108.0200
1627148673591000,0,8.88892470,107.6900
1627148774638000,1,1.36577800,107.5500
1627148799950000,1,0.84000000,107.6000
1627148901531000,1,8.91555878,107.6500
1627148958310000,0,0.56168929,107.8100
1627149204500000,1,10.00000000,107.6300
1627149204500000,1,2.19050000,107.6300
1627149480277000,0,1.95647881,107.7800
1627149489230000,1,0.90599400,107.7000
1627149592020000,0,1.00000000,107.7600
1627149601808000,1,2.46641605,107.6300
1627149716809000,1,0.80538500,107.6500
1627149759630000,1,0.69770843,107.6700
1627149833304000,0,7.21035118,107.8200
1627149886811000,1,5.13900000,107.7100
1627150050325000,0,7.89000000,107.8000
1627150050333000,0,0.00044943,107.8000
1627150247538000,1,3.99312225,107.8100
1627150328010000,1,1.34206743,107.7500
1627150440287000,0,0.45897079,107.8500
1627150810433000,1,1.41197567,107.5900
1627150860124000,1,0.18908630,107.5400
1627150902517000,1,0.50000000,107.5000
1627151162461000,1,0.34233020,107.4500
1627151202971000,1,0.99900000,107.4300
1627151296026000,0,0.21531590,107.4700
1627151367702000,0,1.35420372,107.4200
1627151482703000,1,0.94500725,107.2900
1627151529579000,0,4.63058451,107.4400
1627151876218000,1,0.99900000,107.2100
1627151899395000,0,0.20161215,107.3100
1627151946730000,1,0.34312890,107.2100
1627152017176000,1,4.62257932,107.2000
1627152077760000,1,1.24753083,107.0700
1627152177143000,0,1.59600857,107.2300
1627152352370000,0,0.27164907,107.2000
1627152464331000,0,0.27265062,107.0700
1627152513191000,1,0.39884982,106.8700
1627152533605000,1,19.00000000,106.8700
1627152533605000,1,9.35208739,106.8700
1627152533605000,1,3.32823957,106.8500
1627152680081000,1,0.18910000,106.9000
1627152694153000,1,0.34409229,106.9000
1627153095555000,1,0.24151537,106.9100
1627153206901000,1,7.79900000,106.8700
1627153358009000,1,0.25543503,106.7900
1627153469811000,0,0.21352313,106.7800
1627153699549000,1,2.93100000,106.7000
1627153762603000,1,2.38468020,106.6700
1627154214049000,1,0.85000000,106.6700
1627154371487000,1,0.21001858,106.6700
1627154453174000,1,18.06276533,106.6200
1627154504524000,1,4.03280770,106.4800
1627154815926000,1,1.90396783,106.2300
1627154863027000,1,4.71461133,106.3000
1627154906740000,1,3.19015414,106.2800
1627155018939000,0,0.83525068,106.4500
1627155019017000,0,0.31224324,106.4500
1627155029431000,0,0.21217707,106.4400
1627155064198000,1,7.99490253,106.2100
1627155064198000,1,22.00509747,106.2000
1627155252537000,0,1.95190281,106.2300
1627155312945000,1,0.50579698,106.0900
1627155333361000,1,0.53682164,106.0000
1627155333858000,1,1.46317836,106.0000
1627155333858000,1,8.01258133,105.9500
1627155333858000,1,5.27621479,105.9400
1627155547754000,1,0.21590000,105.9400
1627155614256000,1,1.66332524,105.9900
1627155637002000,1,4.78194785,106.0200
1627155685890000,1,0.24871574,105.9900
1627155846879000,1,0.42696846,106.0600
1627155972061000,0,7.86752223,105.9100
1627156003588000,1,0.54000000,105.7500
1627156003616000,1,0.00104425,105.7500
1627156011741000,1,29.66000000,105.6000
1627156040460000,0,0.61057376,105.5800
1627156040494000,0,7.77445048,105.5800
1627156040540000,0,10.61497576,105.5800
1627156046642000,0,0.97000000,105.5900
1627156047563000,0,3.97000000,105.5900
1627156047632000,0,3.11078452,105.5900
1627156057385000,0,8.05000000,105.5800
1627156057435000,0,0.00129865,105.5800
1627156070740000,0,16.20000000,105.5400
1627156070740000,0,1.07000000,105.5400
1627156071582000,0,1.73000000,105.5400
1627156073149000,0,0.47000000,105.5800
1627156073150000,0,0.63000000,105.5800
1627156074931000,0,17.90000000,105.5800
1627156075058000,0,8.05296617,105.6000
1627156075058000,0,2.00000000,105.6000
1627156075058000,0,181.29703383,105.6100
1627156079528000,1,8.54897461,105.4300
1627156088782000,0,32.43000000,105.6400
1627156175902000,1,15.00000000,105.4300
1627156364313000,0,8.05000000,105.5500
1627156364318000,0,0.00239067,105.5500
1627156413476000,0,9.47000000,105.6000
1627156413504000,0,0.00490643,105.6000
1627156435735000,1,9.12114666,105.6300
1627156596962000,0,8.04000000,105.6500
1627156597168000,0,0.00519693,105.6500
1627156598429000,0,8.04519693,105.6500
1627156598429000,0,40.23480307,105.6600
1627156684879000,0,12.76658340,105.6400
1627156787179000,0,0.46329641,105.5400
1627156824916000,1,0.19316200,105.2900
1627156833315000,1,0.41983833,105.3500
1627156913771000,0,0.85612882,105.5600
1627157032302000,0,10.13401199,105.5900
1627157105757000,0,18.62000000,105.6200
1627157105770000,0,0.38000000,105.6200
1627157135142000,1,1.17220633,105.5600
1627157159465000,1,0.99192503,105.5800
1627157225796000,1,0.20058325,105.6600
1627157290572000,1,8.03171056,105.7000
1627157296649000,1,21.52000000,105.6000
1627157296682000,1,0.00900000,105.6000
1627157518753000,1,0.21900000,105.4400
1627157828371000,1,2.00000000,105.4500
1627157913066000,0,2.09867214,105.4400
1627158042613000,1,0.34889221,105.1600
1627158042748000,1,2.00000000,105.1600
1627158083487000,1,0.99900000,105.1100
1627158103524000,0,0.28315085,105.1800
1627158340274000,0,3.56250000,104.8900
1627158340873000,1,4.40922222,104.7800
1627158340902000,1,5.00000000,104.7800
1627158340928000,1,3.00000000,104.7800
1627158415895000,0,0.70357786,104.9400
1627158427416000,1,18.24900000,104.8000
1627158435262000,1,1.70000000,104.8300
1627158477556000,0,24.26490000,104.9900
1627158708724000,0,8.05963785,105.4900
1627158708724000,0,9.48535879,105.4900
1627158708724000,0,18.26910007,105.5000
1627158756401000,1,0.97442500,105.3600
1627158760872000,1,0.70347786,105.2900
1627159082189000,1,0.34895845,105.0400
1627159182183000,0,0.69249200,105.2400
1627159348064000,0,9.31610000,105.2000
1627159535889000,1,0.52134641,105.1200
1627159560556000,1,1.62293000,105.2200
1627159561483000,1,0.30900000,105.1700
1627160045505000,1,1.50316387,105.2500
1627160108043000,0,2.13470972,105.4600
1627160172424000,0,8.06000000,105.2700
1627160172434000,0,0.00976956,105.2700
1627160172598000,0,7.90837417,105.2700
1627160232337000,0,8.07000000,105.2200
1627160232518000,0,0.00434045,105.2200
1627160439733000,0,0.32544362,105.1600
1627160439888000,0,0.21427125,105.1600
1627160510379000,1,0.42159581,104.9000
1627160525337000,1,2.54651313,104.9200
1627160812105000,0,1.49737427,105.3700
1627160820288000,1,8.06529385,105.2300
1627160820288000,1,3.93470615,105.2100
1627160880360000,1,0.98420697,105.3000
1627160947047000,0,0.23026346,105.3500
1627161008894000,0,11.97057706,105.3600
1627161066741000,1,0.97257300,105.1600
1627161105244000,1,0.51192043,105.1700
1627161105334000,1,0.71948895,105.1700
1627161105409000,1,0.51225759,105.1700
1627161282849000,1,0.28889500,105.2200
1627161917839000,1,0.99800000,105.2600
1627161935390000,1,14.39066052,105.3500
1627161935390000,1,190.18240000,105.3400
1627161935390000,1,12.27693948,105.3400
1627161939177000,1,3.06000000,105.2900
1627161939519000,1,10.00000000,105.2900
1627161940028000,1,10.00000000,105.2900
1627161953787000,1,10.00000000,105.2900
1627161988329000,0,8.06267821,105.4100
1627161988329000,0,24.15840000,105.4300
1627161988329000,0,29.95983171,105.4400
1627161988329000,0,44.94710408,105.4600
1627162026942000,1,5.51000000,105.2800
1627162026981000,1,26.45734265,105.2800
1627162079234000,1,1.36069000,105.2400
1627162099769000,0,1.00000000,105.2600
1627162368092000,1,0.93769358,105.3800
1627162611941000,0,1.10594355,105.6600
1627162743452000,1,0.23380753,105.6100
1627163249665000,0,1.86944016,106.1700
1627163347318000,0,0.18771170,106.2800
1627163780375000,0,1.73000000,105.9100
1627163896751000,1,3.50000000,105.8500
1627164121870000,0,8.04189710,105.6800
1627164121870000,0,39.19338108,105.7100
1627164257715000,0,8.04861000,105.6100
1627164684629000,0,0.78884946,105.8400
1627164726467000,0,9.81480100,105.8400
1627164726487000,0,13.43904954,105.8400
1627164726487000,0,8.03044278,105.8400
1627164726839000,1,26.53000000,105.8500
1627164727043000,0,51.00000000,105.8800
1627164751920000,1,0.19259157,105.8200
1627164922814000,0,0.25651391,105.9800
1627165020126000,1,9.46037993,105.6400
1627165020274000,1,9.46037993,105.6300
1627165346507000,1,0.70063634,105.7800
1627165375677000,1,0.32178600,105.8200
1627165668259000,1,0.40675110,105.9200
1627165797152000,0,1.55912095,105.7900
1627165886526000,1,24.04200000,105.7300
1627166000622000,1,1.05176501,105.6700
1627166391347000,0,7.23848897,105.8900
1627166568440000,0,0.23726108,105.9000
1627166634942000,1,4.88189640,105.7500
1627166998169000,0,8.02482000,105.9100
1627167163253000,1,0.79599100,105.6400
1627167177285000,1,0.50846226,105.6400
1627167498777000,1,0.83809280,106.1300
1627167559291000,0,8.00341000,106.1900
1627167589638000,1,0.55530000,106.1500
1627167640452000,1,5.25683963,106.1200
1627167720254000,0,7.86911128,106.0800
1627168093344000,1,6.09503900,105.9600
1627168173178000,1,0.31013616,106.0900
1627168381324000,0,8.02581000,105.9000
1627168434122000,0,8.02906945,105.8700
1627168434122000,0,19.00000000,105.8700
1627168434122000,0,19.00000000,105.8900
1627168434122000,0,31.44500982,105.8900
1627168434122000,0,29.17880145,105.9000
1627168547801000,0,8.02180000,105.9800
1627168547925000,0,9.43890000,106.0100
1627168547998000,0,0.00004888,106.0100
1627168548076000,0,23.59500000,106.0400
1627168574979000,0,3.19669129,106.1800
1627168645844000,0,1.59404098,106.2500
1627168837148000,1,0.57619065,106.0800
1627169323433000,1,0.53045500,106.2800
1627169831474000,1,0.69570000,106.3400
1627170064924000,1,0.26217893,106.3300
1627171329899000,1,1.29900000,106.7100
1627171372611000,0,5.55600000,107.0500
1627171785358000,0,0.32204577,107.1000
1627171805229000,1,0.43036224,106.9800
1627171832142000,1,6.00346000,107.0300
1627171962810000,0,3.00000000,107.1300
1627172003470000,1,0.63518000,107.1700
1627172836169000,1,54.00000000,106.8500
1627172845175000,1,9.36200000,106.7200
1627172846048000,0,0.61026313,106.7900
1627172863408000,1,9.37593000,106.5400
1627172956507000,1,0.66313243,106.3100
1627172966952000,1,0.99900000,106.3300
1627173117943000,0,3.48818669,106.2600
1627173238345000,0,8.00422902,106.1300
1627173238345000,0,3.82999413,106.1300
1627173251566000,0,8.00420000,106.1300
1627173283368000,1,1.00000000,106.1200
1627173313297000,0,7.99258000,106.2700
1627173542200000,1,9.39990000,106.3100
1627173565633000,1,9.41470000,106.1300
1627173622660000,1,9.42276000,105.9500
1627173756492000,1,9.44929508,105.7500
1627173756594000,1,23.62500000,105.7400
1627173762073000,0,0.61331106,105.7600
1627173804673000,0,0.61337240,105.6700
1627173809585000,0,0.61343374,105.6700
1627173836578000,0,0.61349509,105.6700
1627173868741000,0,0.61361781,105.5600
1627173910763000,0,0.61402921,105.4800
1627174066670000,0,0.61462525,105.1600
1627174070654000,1,20.00000000,105.0000
1627174152090000,1,1.79078440,105.0200
1627174171958000,1,9.52018000,104.9600
1627174172573000,0,1.20222160,105.0500
1627174822693000,1,9.47364000,105.4800
1627174822824000,1,0.00000432,105.4800
1627174823101000,1,9.47364000,105.4700
1627174824008000,1,27.37618000,105.4200
1627174824055000,1,16.62382000,105.4200
1627174833454000,1,9.48856000,105.2900
1627174834714000,1,1.00000000,105.2500
1627174834862000,1,8.49500000,105.2500
1627174907593000,0,8.07336000,105.2300
1627175220584000,0,0.21392657,105.6700
1627175303696000,1,0.28974200,105.9200
1627175345025000,1,9.42080000,106.0500
1627175715625000,1,9.41584000,106.1300
1627175731583000,1,9.42329000,106.0500
1627175731672000,1,0.00000438,106.0500
1627175757450000,1,9.45304000,105.6800
1627175909808000,0,4.46916827,105.8500
1627175935241000,1,0.77779200,105.7400
1627175977690000,1,5.24801000,105.8400
1627176266916000,1,0.34362600,105.5400
1627176302564000,1,16.93016189,105.6100
1627176754249000,0,0.74744167,105.9000
1627176834690000,0,1.59976269,105.8000
1627176865217000,0,0.53364503,105.9500
1627176975677000,1,0.23932937,105.7800
1627177124883000,0,8.02037000,105.9100
1627177124932000,0,0.00000829,105.9100
1627177332539000,0,0.45800254,105.7800
1627177347239000,1,0.83894904,105.6400
1627177618751000,0,0.32743292,105.7600
1627177749654000,1,3.00000000,105.5500
1627178000762000,1,0.50192336,105.3800
1627178118491000,0,0.61468164,105.1900
1627178126336000,0,3.50603443,105.2100
1627178132967000,0,0.35000000,105.2100
1627178160918000,1,9.48766000,105.3000
1627178209632000,1,9.49162000,105.2500
1627178463178000,1,19.00000000,105.3200
1627178463178000,1,9.48928660,105.2900
1627178463178000,1,9.85999198,105.2900
1627178596872000,1,9.45841000,105.6500
1627178707387000,0,0.61503225,105.1600
1627178810166000,0,8.05614000,105.4700
1627178885925000,1,9.46718000,105.5500
1627178886355000,1,0.00000673,105.5500
1627178886355000,1,23.66884327,105.5300
1627178992651000,1,0.80551100,105.5300
1627179015096000,1,2.15725628,105.5100
1627179149162000,0,0.46678040,105.5600
1627179235661000,1,3.85279000,105.4400
1627180010648000,1,0.81293300,105.5500
1627180301947000,1,0.50864699,105.7700
1627180698035000,1,0.80183300,105.6300
1627180930830000,1,9.45590000,105.6800
1627181117074000,0,0.92978843,105.8100
1627181487456000,1,2.63079000,106.0800
1627181487541000,1,2.32089643,106.0800
1627182391939000,1,0.72025352,106.4900
1627182733711000,1,0.52195824,106.5600
1627182794144000,0,0.74106517,106.6700
1627183155164000,1,0.21256337,106.3800
1627184209821000,1,9.37804000,106.5400
1627184229680000,1,0.95228482,106.5100
1627184521173000,1,1.41637270,106.5900
1627185091520000,0,7.97830000,106.4900
1627185105579000,1,0.28409600,106.4900
1627185105751000,1,1.03717800,106.4900
1627185114089000,1,0.66900000,106.4700
1627185379207000,1,9.42009000,106.0600
1627185380004000,1,9.42009000,106.0100
1627185384675000,1,0.34800000,105.9800
1627185483212000,1,19.00000000,106.1400
1627185483212000,1,9.41584121,106.1300
1627185483212000,1,9.62761625,106.1300
1627185836937000,1,2.31320438,106.2400
1627186132301000,0,7.96720000,106.6400
1627186132759000,0,0.00003235,106.6400
1627186898737000,1,9.36294000,106.6800
1627186910332000,1,0.28000000,106.7500
1627187322208000,1,0.34700000,106.4700
1627189072500000,1,49.00000000,106.7600
1627189072652000,1,9.36240000,106.7400
1627189072675000,1,0.00001925,106.7400
1627189072675000,1,23.40248075,106.7200
1627189072799000,1,12.77080000,106.7000
1627189072840000,1,9.36206864,106.7100
1627189072840000,1,31.86723136,106.7000
1627189072870000,1,23.40646643,106.7100
1627189072870000,1,3.92229598,106.6700
1627189072874000,1,2.51372694,106.6700
1627189072875000,1,27.32876241,106.6700
1627189074210000,1,15.00000000,106.5700
1627189416550000,0,3.90359799,106.8100
1627189532207000,0,0.60413627,106.7900
1627189585965000,0,19.00000000,106.9200
1627189586011000,1,30.00000000,106.9200
1627189586069000,1,17.76080000,106.9200
1627189633202000,1,0.00004488,106.9200
1627189936110000,1,0.68600000,106.7000
1627189946543000,1,0.41527903,106.7000
1627190255767000,1,2.02901785,106.7000
1627190294203000,1,8.00000000,106.7200
1627190338523000,0,4.53145255,106.8200
1627190409375000,0,2.03988892,106.7700
1627190460724000,0,2.06291674,106.7700
1627190558946000,0,7.95477471,106.7700
1627190612689000,0,0.35000000,106.8300
1627190649477000,1,15.94127000,106.7000
1627190752269000,1,2.30463262,106.1000
1627190752345000,1,2.30131991,106.1000
1627190752395000,0,0.61200121,106.1800
1627190781177000,1,10.00000000,106.0000
1627190845858000,0,76.00000000,106.2300
1627190845865000,0,24.06640000,106.2300
1627191073879000,1,0.19221693,106.2200
1627191188037000,0,7.98524000,106.3600
1627191215144000,1,2.31596287,106.3700
1627191235235000,1,9.39725976,106.3400
1627191508016000,1,19.07851000,106.4200
1627191740901000,0,7.96820000,106.5700
1627191740996000,0,0.00009668,106.5700
1627192131505000,1,9.42684000,106.0100
1627192163997000,0,8.00608000,106.0600
1627192191653000,0,0.00000134,106.0600
1627192729159000,1,2.28090976,106.1100
1627192860841000,0,8.00472000,106.0800
1627193090075000,0,7.99280000,106.2500
1627193096988000,0,0.00003951,106.2500
1627193373694000,1,0.99602375,106.2600
1627193524255000,1,0.99900000,106.3200
1627193541644000,1,1.44710463,106.3400
1627194207109000,1,54.00000000,106.5100
1627194481848000,0,4.57870414,106.6500
1627195141763000,0,0.27312653,106.6100
1627195271327000,0,0.27297295,106.7100
1627195345918000,0,1.05857876,106.6700
1627195517272000,1,1.74542250,106.6500
1627195567729000,0,7.95826048,106.7300
1627195567729000,0,21.29200000,106.7500
1627195567729000,0,3.90475251,106.7600
1627195816660000,1,19.00000000,106.4600
1627195816660000,1,5.50000000,106.4500
1627195900149000,1,0.34538529,106.3900
1627195906687000,0,3.00000000,106.5000
1627195910936000,1,0.77763999,106.4100
1627196535612000,1,0.34496402,106.6700
1627196692325000,1,0.23230100,106.8300
1627196799647000,1,1.50000000,106.9200
1627197240746000,1,0.92523000,107.0000
1627197300357000,1,2.36287550,107.0900
1627197406256000,0,0.45874642,107.1500
1627197420959000,1,2.30576388,107.0300
1627197501857000,0,1.56074110,107.1900
1627197534116000,1,0.95407900,107.0700
1627197844759000,1,2.30662571,107.0400
1627197904306000,1,0.36359081,107.1300
1627197937467000,1,1.00000000,107.2300
1627198165914000,1,1.08870000,107.1800
1627198329899000,1,2.30253817,107.4500
1627198505492000,0,7.89138000,107.6200
1627198651288000,1,1.54750000,107.5000
1627198849709000,0,0.79402317,107.5900
1627198883306000,1,0.28278677,107.4400
1627198924210000,0,3.14876421,107.5900
1627198935301000,1,9.29540807,107.5100
1627198935301000,1,10.70459193,107.5100
1627199005633000,1,1.76905266,107.5200
1627199356996000,1,2.29760963,107.4900
1627199437509000,0,0.25313410,107.5400
1627199551008000,0,1.00000000,107.5500
1627199786217000,0,10.00000000,107.6000
1627199922431000,0,0.00000199,107.6200
1627199922431000,0,0.20622597,107.6600
1627200122956000,0,1.71344070,107.7200
1627200226800000,1,5.97955869,107.6700
1627200304150000,0,3.94115000,107.7800
1627200390420000,1,5.20000000,107.7900
1627200429006000,0,3.93753111,107.8900
1627200429006000,0,11.14629296,107.9200
1627200429082000,1,0.34400000,107.7900
1627200459949000,0,3.01738652,107.8800
1627200583015000,1,0.46698400,107.8400
1627200602128000,1,3.15000000,107.8500
1627200690148000,1,0.68445600,107.8100
1627200774598000,1,0.28233900,107.8300
1627200856368000,0,0.50061166,107.9300
1627200882435000,0,1.92961891,107.9500
1627200946349000,1,2.28930037,107.8700
1627201035550000,0,0.52667245,107.9700
1627201056661000,1,0.65969100,107.8500
1627201162205000,1,5.53430201,107.6800
1627201162283000,1,0.80000000,107.6800
1627201366493000,0,0.90124489,107.6400
1627201393715000,1,2.29889320,107.5300
1627201643844000,0,19.00000000,107.7500
1627201643844000,0,4.50000000,107.7500
1627201684542000,0,0.43897454,107.6600
1627201700578000,0,1.17124714,107.7000
1627201726892000,0,1.25000000,107.7000
1627201866320000,1,0.78593939,107.5300
1627201908701000,1,9.30450000,107.4100
1627202064393000,1,0.51255615,107.3500
1627202090953000,0,0.27111806,107.4400
1627202194904000,1,0.31301968,107.3200
1627202419761000,1,2.30146494,107.2700
1627202661841000,0,2.25470688,107.4100
1627202682243000,0,2.16999382,107.4000
1627202716143000,1,9.31636513,107.2600
1627202716143000,1,0.68363487,107.2500
1627202798417000,0,2.11698264,107.1900
1627202946645000,1,1.00000000,106.8700
1627203106063000,1,0.39564761,106.9900
1627203116543000,1,0.34562000,106.9900
1627203440111000,1,2.30684113,107.0200
1627203626087000,0,0.78603393,107.2600
1627203641789000,1,0.52480000,107.1700
1627203652317000,1,10.24989919,107.1900
1627203735933000,0,3.26919484,107.0700
1627203763606000,1,2.30597942,106.9700
1627203772274000,0,7.93730000,107.0400
1627204011966000,0,0.91737411,107.1900
1627204031925000,1,0.45313557,107.0800
1627204071513000,1,2.49900000,107.0300
1627204115538000,1,0.25813426,106.9200
1627204165957000,1,2.31007892,106.9400
1627204176351000,0,1.01961925,107.0800
1627204439103000,1,2.30835131,106.9200
1627204528178000,1,31.32290000,106.8000
1627204549618000,0,29.00000000,106.7600
1627204623379000,0,19.08000000,106.9800
1627204719061000,1,3.00000000,106.8400
1627204743177000,0,6.40000000,106.9600
1627204743249000,0,1.54717101,106.9600
1627204743249000,0,18.66282899,106.9700
1627204743263000,0,44.33717101,106.9700
1627204883388000,1,2.30748819,106.9800
1627205004956000,1,0.30893732,106.9700
1627205115881000,1,1.24950000,107.0300
1627205135054000,0,0.27213131,107.1400
1627205178551000,0,0.91000000,107.1400
1627205178752000,0,1.64000000,107.1400
1627205178918000,0,2.47016169,107.1400
1627205462218000,0,54.00000000,107.3200
1627205570184000,1,2.30232356,107.3100
1627205574696000,0,46.00000000,107.4300
1627205590059000,1,0.67567600,107.4100
1627205610676000,1,0.27600000,107.4100
1627205674997000,1,1.43156600,107.2900
1627205709324000,0,0.45135927,107.4500
1627205832486000,1,2.29782336,107.3900
1627205873519000,0,19.00000000,107.5000
1627205873519000,0,7.90536434,107.5100
1627205873519000,0,7.00000000,107.5100
1627205873519000,0,4.80781515,107.5200
1627205996444000,0,0.40485351,107.5900
1627206108622000,0,0.37877304,107.3000
1627206189621000,0,0.37924727,107.3000
1627206254429000,0,66.00000000,107.3200
1627206351753000,1,2.30082153,107.3000
1627206576516000,1,20.00000000,107.2500
1627206644058000,1,0.40091248,107.2000
1627206874273000,0,0.45476552,107.6500
1627206932651000,0,50.00000000,107.6900
1627207127691000,1,2.28058746,107.7200
1627207183242000,0,1.44059915,107.7700
1627207390412000,1,0.28809793,107.7600
1627207453844000,1,23.62010000,107.7300
1627207507494000,0,0.87000000,107.9100
1627207507549000,0,0.87000000,107.9100
1627207510260000,0,2.63000000,107.9100
1627207510584000,0,15.23000000,107.9100
1627207511222000,0,25.40000000,107.9100
1627207570514000,0,14.43000000,108.0900
1627207570530000,0,16.71000000,108.0900
1627207570572000,0,5.81000000,108.0900
1627207620871000,1,0.92642000,107.9900
1627207638853000,0,2.15609983,108.1200
1627207747499000,0,19.00000000,108.1800
1627207747499000,0,7.85675090,108.1900
1627207747499000,0,1.28559127,108.1900
1627207805515000,0,23.52170000,108.1600
1627207809173000,1,0.25297100,108.1300
1627208082289000,0,23.44050000,108.5100
1627208082403000,0,7.83432000,108.5200
1627208113305000,0,56.00000000,108.6200
1627208113321000,0,21.14400000,108.6500
1627208149976000,0,0.89431999,108.8300
1627208261766000,0,5.00000000,108.7600
1627208337557000,1,2.26914345,108.6700
1627208387246000,1,9.21506110,108.2600
1627208387348000,1,23.00159000,108.2500
1627208387364000,1,0.00000075,108.2500
1627208388333000,1,9.21506000,108.1700
1627208390900000,0,23.53470000,108.2500
1627208408956000,0,57.00000000,108.4100
1627208419810000,1,5.00000000,108.3500
1627208504434000,0,51.54000000,108.5000
1627208504470000,0,3.46000000,108.5000
1627208583217000,0,0.31964990,108.4500
1627208608843000,1,2.06161476,108.3800
1627208752816000,0,21.00000000,108.4600
1627208752943000,0,23.00000000,108.4600
1627208753005000,0,9.00000000,108.4600
1627209196234000,0,66.00000000,108.0500
1627209255488000,1,0.23060012,108.1200
1627209376355000,1,0.34005054,107.9900
1627209405301000,0,1.79641740,108.0500
1627209478022000,1,0.37495489,107.8300
1627209478094000,1,0.34064914,107.8300
1627209681629000,0,4.57258196,107.8100
1627209709143000,1,9.35986802,107.7200
1627209749568000,1,0.43119254,107.6700
1627209749644000,1,0.39913636,107.6700
1627209850381000,0,3.97860652,107.6100
1627209854963000,0,4.29239181,107.6100
1627209863929000,1,2.00000000,107.4200
1627209870486000,0,3.38556252,107.5200
1627209895027000,0,2.30605136,107.4600
1627209902725000,0,4.03933692,107.4300
1627209922190000,1,0.25188382,107.3300
1627209925411000,0,2.58033760,107.4000
1627209931522000,0,1.79031382,107.3800
1627209942606000,1,0.94148307,107.2500
1627210003442000,1,2.73967346,107.2300
1627210005627000,1,0.96655100,107.2300
1627210005790000,1,0.23984300,107.2300
1627210010713000,0,4.02848544,107.3200
1627210011030000,0,2.89234883,107.3100
1627210037734000,0,1.05211870,107.2900
1627210049690000,0,3.41767553,107.2200
1627210052895000,0,3.98589612,107.1800
1627210055400000,1,23.76900000,107.0900
1627210084900000,0,3.39126867,107.0400
1627210100724000,1,1.11616300,106.9300
1627210138993000,0,19.00000000,107.0700
1627210196334000,1,0.34406011,106.7600
1627210216831000,1,0.20943934,106.8200
1627210297740000,1,0.34402789,106.8500
1627210310385000,0,0.61020896,106.8100
1627210355509000,0,4.64372334,106.8700
1627210389602000,0,7.95089646,106.9000
1627210389602000,0,1.50000000,106.9000
1627210389602000,0,0.47608020,106.9000
1627210420029000,1,0.69460000,106.7500
1627210756586000,0,1.40811675,106.8800
1627210860448000,0,42.00000000,106.7500
1627211016740000,1,0.34476991,106.9700
1627211169266000,0,0.53539166,106.8300
1627211174027000,0,10.26000000,106.8400
1627211298740000,1,0.34700000,106.8600
1627211298815000,1,1.90129237,106.8600
1627211347857000,0,7.94550997,106.9600
1627211347857000,0,8.37657305,106.9600
1627211580299000,0,5.86213338,107.0600
1627211679972000,1,0.74838598,107.0700
1627211709081000,1,19.00000000,107.1500
1627211726777000,1,0.93351000,107.2100
1627211727015000,1,3.81318000,107.2100
1627211733756000,1,0.34348154,107.2000
1627211841827000,1,9.45872469,107.0200
1627211971372000,0,7.93989000,107.0500
1627211971398000,0,0.00000356,107.0500
1627211975980000,1,0.34389924,107.1100
1627212046638000,0,0.36277395,107.2100
1627212094142000,0,0.85124649,107.1300
1627212204355000,0,1.37297006,106.9500
1627212369385000,0,1.26899757,106.9200
1627212370436000,0,1.47649349,106.9200
1627212450852000,0,1.00000000,106.8800
1627212535793000,0,2.33000000,106.8700
1627212587270000,1,71.52916531,106.6500
1627212587270000,1,9.37207123,106.6400
1627212587472000,1,29.95662273,106.6300
1627212603142000,1,23.85390000,106.5500
1627212662264000,0,1.00000000,106.5600
1627212823163000,0,3.47820000,106.9100
1627212872286000,0,18.46437117,107.0400
1627212882925000,1,0.84755181,106.8800
1627212922548000,1,9.36452344,106.7200
1627212922548000,1,205.53000000,106.7100
1627212922548000,1,7.95297889,106.7100
1627213033959000,1,15.49372076,106.8600
1627213034034000,1,0.76452819,106.8600
1627213576273000,1,0.86499400,106.9300
1627213699060000,0,0.46800444,107.1200
1627213865994000,0,69.00000000,107.2400
1627213921790000,0,0.50422103,106.9500
1627213921867000,0,1.22901429,106.9500
1627213921948000,0,2.32717402,106.9400
1627214064732000,0,0.21148162,106.8000
1627214126260000,1,10.50993500,106.7200
1627214217039000,0,0.38829711,106.9700
1627214260146000,1,22.45487000,106.7100
1627214260203000,1,1.38923000,106.7100
1627214275677000,0,0.51782982,106.6900
1627214550878000,0,3.95137089,106.4900
1627214677133000,1,0.32394959,106.3000
1627214700938000,0,0.31948648,106.4500
1627214840083000,0,1.00000000,106.5200
1627214864263000,1,0.49199999,106.3700
1627215016778000,0,7.99758000,106.2900
1627215071841000,1,0.97734000,106.3900
1627215136236000,0,0.23624869,106.6400
1627215217737000,0,0.98000000,106.3800
1627215217910000,0,39.00000000,106.3900
1627215348957000,1,2.36307475,106.4500
1627215407248000,0,23.91750000,106.4900
1627215442343000,0,2.00537258,106.6300
1627215753487000,1,9.38590000,106.4600
1627215756087000,1,0.28800000,106.4000
1627216117560000,0,0.78073700,106.4600
1627216200872000,0,0.81226460,106.3600
1627216271038000,1,2.49845065,106.4200
1627216271115000,1,5.40167795,106.4200
1627216446140000,1,1.13870000,106.4200
1627216462107000,1,0.00009654,106.4200
1627216462107000,1,0.28690346,106.3600
1627216462192000,1,0.32700000,106.3700
1627216597857000,1,7.63563730,106.3000
1627216733686000,1,2.31019703,106.3500
1627216764275000,1,0.28500000,106.2100
1627216896106000,1,0.34600287,106.3200
1627217361746000,0,0.22827002,106.2400
1627217500336000,1,16.01144013,106.2400
1627217863060000,1,2.49939172,106.2400
1627217893536000,1,12.86278374,106.2000
1627217919921000,0,1.36948531,106.2600
1627218066256000,0,0.23675931,106.3800
1627218099575000,1,0.28851500,106.2800
1627218523964000,1,9.76956992,106.3100
1627218678663000,1,0.50570726,106.2200
1627218678742000,1,0.50545165,106.2200
1627218699357000,1,2.30976236,106.1300
1627218764959000,1,23.97960000,106.0900
1627218764959000,1,5.00000000,106.0800
1627218764959000,1,18.25567818,106.0700
1627218831690000,1,2.49923363,106.0700
1627218857340000,0,0.63999590,106.1300
1627218875172000,1,0.47018000,105.8800
1627218875382000,1,0.00000067,105.8800
1627218875590000,1,15.00000000,105.7900
1627218899960000,0,19.00000000,106.0100
1627218899960000,0,3.34955668,106.0200
1627218974086000,1,2.31477051,106.0500
1627219086612000,0,23.99340000,106.0500
1627219169126000,1,21.30200000,105.6100
1627219245959000,1,21.30200000,105.4900
1627219246009000,1,9.47077319,105.4800
1627219246009000,1,5.28120130,105.4600
1627219253449000,0,24.07450000,105.6300
1627219274133000,0,24.13900000,105.5500
1627219338789000,0,8.03341260,105.7700
1627219338789000,0,24.06930000,105.7700
1627219338789000,0,5.00000000,105.7700
1627219339521000,0,24.06290000,105.7600
1627219341128000,0,24.07640000,105.7600
1627219447945000,1,12.24000000,105.6600
1627219458931000,0,0.34853447,105.7500
1627219489755000,1,2.51430546,105.4800
1627219513647000,0,31.76503000,105.7100
1627219560207000,1,0.34842934,105.7100
1627219632548000,1,19.30000000,105.6600
1627219632582000,1,19.30000000,105.6600
1627219694108000,1,31.48866490,105.4600
1627219694196000,1,169.35000000,105.4500
1627219694339000,1,20.87440000,105.4500
1627219737517000,1,17.42000000,105.3200
1627219737521000,1,23.58000000,105.3200
1627219739484000,0,1.00000000,105.3700
1627219759722000,0,0.45969403,105.4900
1627219798816000,1,1.08521427,105.4800
1627219801578000,1,10.85772533,105.4700
1627219802740000,1,13.26297467,105.4700
1627219802740000,1,17.45539533,105.4700
1627219816148000,1,0.21737074,105.5200
1627219822636000,1,0.34902471,105.5300
1627219923106000,1,71.00000000,105.6400
1627219928395000,1,58.00000000,105.6000
1627219975236000,1,2.31705400,105.3700
1627220245479000,1,3.15059100,105.7400
1627220512613000,1,19.00000000,105.8300
1627220512613000,1,5.00000000,105.8200
1627220512613000,1,0.86803129,105.8200
1627220515134000,0,48.03420000,105.9300
1627220515134000,0,5.00000000,105.9300
1627220531153000,1,2.51050112,105.8500
1627220626139000,1,4.00000000,105.7300
1627220695984000,1,0.41550662,105.8300
1627220823499000,1,46.00000000,105.9700
1627220823574000,1,0.34717906,105.9100
1627220945262000,0,2.70146654,105.9800
1627220948693000,1,0.40561980,105.8900
1627221068211000,1,0.29040503,105.8500
1627221121033000,1,49.00000000,105.9600
1627221143370000,0,23.95900000,106.1000
1627221143766000,0,24.00190000,106.0900
1627221148700000,1,7.52716849,105.9100
1627221154969000,0,1.09972489,106.1000
1627221359854000,1,0.89014000,105.9900
1627221411255000,1,0.42531269,105.9900
1627221604437000,1,2.30000000,105.8000
1627221604623000,1,66.70000000,105.8000
1627221671423000,1,0.42431300,105.7700
1627221671577000,1,1.41663800,105.7800
1627221674240000,1,4.50000000,105.7700
1627221674240000,1,3.32766700,105.7600
1627221695370000,1,0.90000000,105.7700
1627221705868000,1,0.34780308,105.7900
1627221737184000,0,9.42000000,105.8700
1627221737236000,0,8.06000000,105.8700
1627221776061000,1,9.44350000,105.7800
1627221776089000,1,0.00008403,105.7800
1627221857800000,1,0.34754003,105.5800
1627221940870000,1,40.00000000,105.6500
1627222002515000,0,3.21799776,105.6700
1627222072768000,1,3.21799776,105.5100
1627222174085000,1,2.88519860,105.4300
1627222191843000,0,1.00000000,105.5600
1627222195598000,1,0.63000600,105.3900
1627222237068000,1,9.47131140,105.5100
1627222263296000,1,2.70136654,105.6300
1627222325154000,1,1.04997475,105.6200
1627222397654000,1,9.47005000,105.5300
1627222453283000,1,0.34842934,105.4000
1627222493705000,1,0.58926233,105.4000
1627222555006000,1,2.26416177,105.5900
1627222605842000,1,0.34852842,105.5300
1627222617219000,1,8.03000000,105.5600
1627222617297000,1,0.00546336,105.5600
1627222777737000,1,0.64103535,105.6300
1627222876466000,1,42.77000000,105.5700
1627222876521000,1,17.18000000,105.5700
1627222876593000,1,10.05000000,105.5700
1627222881521000,1,52.00000000,105.5100
1627222912133000,1,9.47975125,105.4200
1627222912133000,1,8.04024875,105.4100
1627222912175000,1,0.00535656,105.4100
1627222919541000,1,51.00000000,105.3000
1627222920776000,1,3.50000000,105.2900
1627222920781000,1,0.00444122,105.2900
1627222929881000,0,0.27250578,105.3900
1627222958389000,1,9.49451000,105.2400
1627222958442000,1,0.00000217,105.2400
1627222965730000,1,2.66000000,105.1100
1627222969028000,1,0.28700000,105.1100
1627222989453000,1,2.51788264,105.1500
1627222992383000,1,0.80000000,105.1800
1627223025179000,1,52.00000000,105.1300
1627223028209000,1,0.31940000,105.0800
1627223139191000,0,24.14590000,105.3700
1627223139191000,0,5.00000000,105.3700
1627223150969000,1,0.75058080,105.3100
1627223228822000,1,9.02000000,105.2200
1627223228895000,1,60.98000000,105.2200
1627223249555000,0,0.19378445,105.2200
1627223274422000,0,8.07647000,105.1500
1627223274493000,0,24.19810000,105.1700
1627223286200000,0,32.51712536,105.2900
1627223306839000,1,38.22000000,105.2300
1627223318170000,1,19.00000000,105.1500
1627223318170000,1,1.76360717,105.1500
1627223384737000,1,1.13726251,105.0600
1627223416295000,1,1.71366985,105.1200
1627223462199000,1,19.00000000,105.2300
1627223462199000,1,2.00000000,105.2300
1627223462199000,1,24.16370000,105.2200
1627223462199000,1,0.92530000,105.2200
1627223644818000,1,1.53722000,105.3500
1627223652681000,1,0.38530900,105.3500
1627223667000000,1,0.81340000,105.3500
1627223667192000,1,0.21070000,105.3500
1627223703575000,1,54.88000000,105.3300
1627223704894000,1,1.06526000,105.3300
1627223769849000,0,8.05048436,105.4600
1627223769849000,0,8.06092891,105.4600
1627223798097000,1,0.47355046,105.3600
1627223800227000,1,0.20981800,105.3600
1627223800392000,1,9.95879995,105.3600
1627223804078000,1,4.84904000,105.3600
1627223804663000,1,2.84200000,105.3600
1627223804698000,1,15.98870000,105.3600
1627223804727000,1,31.67809159,105.3600
1627223839389000,1,1.40185600,105.3300
1627223855775000,1,0.28400000,105.2400
1627223964856000,0,0.94491927,105.3000
1627224008519000,1,0.65426561,105.2200
1627224019040000,1,0.32713281,105.2100
1627224149118000,1,66.64000000,105.2700
1627224156370000,1,1.33280000,105.2700
1627224177754000,1,9.90000000,105.2400
1627224263894000,1,53.00000000,105.4700
1627224263894000,1,8.03893220,105.4700
1627224269693000,1,1.65145200,105.3500
1627224391212000,1,61.19193365,105.2400
1627224391502000,1,2.80806635,105.2400
1627224505814000,1,0.31587857,105.3000
1627224542571000,1,6.14000000,105.2800
1627224542577000,1,6.14000000,105.2800
1627224542620000,1,22.99000000,105.2800
1627224552212000,1,2.42000000,105.2200
1627224552347000,1,5.46000000,105.2200
1627224552543000,1,0.17981054,105.2200
1627224559194000,1,48.00000000,105.2100
1627224561651000,0,0.93406175,105.2500
1627224656465000,1,1.16776800,105.3100
1627224753600000,1,48.00000000,105.4900
1627224825089000,1,0.67130000,105.4900
1627224826556000,1,11.18769666,105.4900
1627224831288000,1,9.81960000,105.4900
1627224874548000,1,2.32793772,105.4800
1627224905424000,1,62.11546852,105.5000
1627224905554000,1,2.88453148,105.5000
1627224959480000,0,8.03000000,105.6300
1627224959520000,0,0.00885616,105.6300
1627224962061000,1,47.04000000,105.5900
1627224962085000,1,0.96000000,105.5900
1627225048831000,1,0.19420600,105.6500
1627225066832000,0,1.19226896,105.7800
1627225117345000,1,1.31605500,105.7000
1627225117945000,0,0.57000000,105.8300
1627225117947000,0,4.99000000,105.8300
1627225161369000,1,0.38419300,105.6700
1627225202364000,1,0.76146000,105.6800
1627225203106000,1,0.21666820,105.6800
1627225203200000,1,1.15243779,105.6800
1627225301182000,1,4.00000000,105.9600
1627225386472000,1,3.66186710,106.0200
1627225420658000,1,20.32393073,106.0400
1627225517927000,1,46.06000000,106.1500
1627225517928000,1,0.94000000,106.1500
1627225630322000,0,2.81285337,106.1200
1627225668888000,0,0.36041663,106.1800
1627225685637000,0,0.58000000,106.1600
1627225685637000,0,0.99000000,106.1600
1627225798566000,0,7.99675137,106.1800
1627225984454000,0,14.03000000,106.0400
1627225984457000,0,4.97000000,106.0400
1627225989393000,0,8.00000000,106.0500
1627225989458000,0,0.00685023,106.0500
1627226102132000,1,0.94000000,106.0000
1627226113882000,0,8.01000000,105.9700
1627226113982000,0,0.00230421,105.9700
1627226209588000,1,1.17942400,105.8400
1627226225283000,1,0.32998633,105.8400
1627226239727000,0,1.88177100,105.9300
1627226456590000,1,4.06674009,105.7200
1627226477082000,1,1.91067000,105.7000
1627226591230000,0,8.02000000,105.9000
1627226591254000,0,0.00095511,105.9000
1627226591997000,0,10.09000000,105.9400
1627226749859000,1,0.34900000,105.6800
1627226749969000,1,0.99900000,105.6800
1627226890758000,1,1.64303700,105.5200
1627227034170000,1,2.32639381,105.5000
1627227409012000,1,0.40530900,105.9000
1627227409774000,1,5.35594000,105.9000
1627227409887000,1,0.80080000,105.9000
1627227415158000,1,0.38216400,105.9000
1627227440562000,1,0.35100000,105.8700
1627227602914000,1,2.32121157,105.9400
1627227671906000,0,8.01000000,105.9300
1627227671923000,0,0.00559593,105.9300
1627227715389000,1,0.82269352,105.8800
1627227761805000,1,1.04739000,105.8400
1627227811176000,1,3.89364483,105.9700
1627227946859000,1,2.25348389,106.0300
1627227959305000,0,8.00000000,106.1400
1627227966734000,1,1.96722512,106.0700
1627228022742000,0,5.00000000,106.3200
1627228023781000,0,5.45000000,106.3200
1627228024233000,0,1.18000000,106.3200
1627228024568000,0,3.37000000,106.3200
1627228046299000,0,0.96189609,106.5200
1627228047731000,1,1.00000000,106.3900
1627228138287000,0,14.85803025,106.5200
1627228151318000,1,0.47397900,106.4100
1627228168694000,1,0.34900000,106.2900
1627228744644000,0,8.00000000,106.1300
1627228797449000,1,1.18699400,106.1400
1627228814180000,1,1.39000000,106.0400
1627228893491000,1,9.43660000,105.8200
1627228893536000,1,0.00003301,105.8200
1627228893612000,1,23.59290000,105.7900
1627228894023000,1,23.61110000,105.8000
1627228894075000,1,0.00007948,105.8000
1627228936382000,1,6.68761603,105.7100
1627229020514000,1,1.00000000,105.9200
1627229042471000,1,0.37790982,106.0200
1627229056249000,1,2.18953125,106.0300
1627229086688000,0,2.46137521,106.1500
1627229298397000,1,0.34678614,105.8800
1627229319555000,1,0.42428000,105.8500
1627229349202000,1,0.32000000,105.8200
1627229349277000,1,0.34900000,105.8200
1627229415328000,0,1.17992000,105.8600
1627229415655000,0,0.19110000,105.8600
1627229631159000,1,12.93138152,105.7200
1627229642598000,0,0.84117428,105.8100
1627229672751000,1,0.50644000,105.6900
1627229761541000,1,1.41284866,105.8100
1627229828332000,1,0.63064000,105.9600
1627229835436000,1,2.32406444,105.9600
1627229877683000,1,4.83793400,105.9400
1627229882962000,1,4.07589400,105.9400
1627229940710000,0,1.93186509,105.9800
1627230006712000,1,1.20403221,105.9900
1627230238710000,0,0.54376787,106.2000
1627230390476000,0,6.41085254,106.0200
1627230420958000,0,1.51178761,105.8700
1627230521826000,1,0.34724464,105.7200
1627230526718000,1,0.45362500,105.7200
1627230542231000,1,0.49129000,105.6700
1627230542305000,1,2.99900000,105.6700
1627230788686000,1,6.00000000,105.8100
1627230847111000,1,0.34734309,105.8300
1627230985701000,1,0.81267900,105.7900
1627231028883000,1,2.44096725,105.9200
1627231481757000,0,8.24442519,105.7200
1627231614284000,0,0.53613637,105.6100
1627231665187000,1,1.58974600,105.3900
1627231789120000,1,8.05429299,105.3100
1627231789120000,1,1.03224701,105.3100
1627231846706000,1,1.44880800,105.4200
1627231931449000,1,8.04348092,105.4400
1627231931449000,1,3.09999908,105.4400
1627232360417000,1,1.45500000,105.7200
1627232439956000,1,3.10000000,105.6200
1627232440089000,1,9.46360000,105.6100
1627232451018000,1,4.80024271,105.5000
1627232590286000,0,0.45956347,105.7000
1627232819191000,1,0.77041269,105.4500
1627232891622000,0,0.19877302,105.6200
1627233111783000,1,1.33667859,105.6100
1627233194403000,1,0.47925176,105.7600
1627233224852000,1,0.38340141,105.8200
1627233245830000,1,0.41962322,105.7500
1627233346729000,1,2.13086000,105.5900
1627233387360000,1,1.20242736,105.6200
1627233460895000,1,52.00000000,105.7300
1627233519507000,0,0.78577727,105.7700
1627233737522000,0,8.00628558,106.0500
1627233861101000,1,0.76500000,106.2000
1627234118941000,0,10.29844267,106.4600
1627234132592000,1,0.24339720,106.3700
1627234289393000,1,9.48502587,106.5000
1627234333152000,1,0.90000000,106.3200
1627234449421000,0,1.00000000,106.4800
1627234511533000,1,0.22342000,106.4200
1627234527116000,1,7.97318971,106.3600
1627234527116000,1,3.97896029,106.3400
1627234766275000,0,0.39419860,106.4700
1627234978636000,1,0.34574254,106.4200
1627235090724000,0,2.55352239,106.5000
1627235169983000,1,10.78893196,106.3400
1627235190496000,1,0.53327950,106.3300
1627235190583000,1,0.57294087,106.3300
1627235286455000,0,1.41300880,106.4500
1627235351451000,1,0.99900000,106.3800
1627235365761000,1,1.59009092,106.3800
1627235476414000,1,19.00000000,106.3600
1627235476414000,1,7.97325561,106.3500
1627235476414000,1,28.52644693,106.3400
1627235518313000,1,45.78620000,106.3500
1627235519171000,1,9.21380000,106.3500
1627235521161000,0,0.74980756,106.3800
1627235613998000,0,0.21269428,106.5000
1627235817618000,1,44.00000000,106.5000
1627235930686000,0,0.84041500,106.4700
1627236000672000,0,0.19882900,106.5700
1627236040777000,1,7.94781796,106.6600
1627236040777000,1,67.00000000,106.6600
1627236040827000,1,39.73665000,106.6400
1627236087525000,1,0.43597000,106.5500
1627236207618000,0,6.52820186,106.8100
1627236207621000,0,1.41984054,106.8100
1627236207621000,0,5.00000000,106.8200
1627236207622000,0,27.41659026,106.8300
1627236207670000,0,5.00000000,106.8300
1627236236539000,1,27.66449000,106.8500
1627236236592000,1,28.00000000,106.8500
1627236236643000,1,1.33551000,106.8500
1627236239527000,1,52.00000000,106.7900
1627236399128000,1,24.00000000,106.7000
1627236399183000,1,16.00000000,106.7000
1627236506015000,0,78.21399054,106.7100
1627236646931000,1,1.03922499,106.6500
1627236658920000,0,30.25670000,106.7400
1627236672878000,1,0.84835832,106.7100
1627237113788000,0,0.49038616,106.8900
1627237184513000,1,1.46501300,106.8100
1627237195001000,1,0.90465000,106.8500
1627237570667000,0,11.94288099,106.9700
1627237570744000,1,0.26344313,106.8600
1627237802592000,0,9.08122520,106.9300
1627237893690000,1,15.92498574,106.7900
1627238073390000,1,0.41085000,106.7400
1627238105578000,1,0.26526860,106.7800
1627238105680000,1,1.99900000,106.7800
1627238247907000,0,0.45224298,106.9000
1627238480198000,1,0.98706475,106.5500
1627238511102000,1,2.90046756,106.5700
1627238654641000,1,3.05345144,106.4900
1627238912524000,1,0.42910058,106.4800
1627238946018000,1,0.47449000,106.4500
1627238963015000,1,0.75650381,106.4400
1627239033871000,1,1.05500000,106.5600
1627239038066000,0,0.91093431,106.6800
1627239105207000,1,0.27702000,106.5600
1627239226918000,0,3.18140401,106.6600
1627239240537000,1,2.17286600,106.5000
1627239263415000,1,3.28800258,106.4500
1627239305413000,1,1.89241677,106.3600
1627239331393000,1,1.85502509,106.4400
1627239568622000,1,1.22606412,106.4400
1627239629803000,1,27.43605738,106.5000
1627239799904000,1,1.05324099,106.4500
1627239807776000,0,0.72874745,106.5400
1627239908028000,0,1.50318265,106.5700
1627240001311000,1,5.00000000,106.4000
1627240001311000,1,3.11596000,106.4000
1627240019666000,1,36.00000000,106.3800
1627240019717000,1,19.00000000,106.3800
1627240022348000,1,57.00000000,106.3200
1627240134213000,1,8.00164930,105.9600
1627240134213000,1,6.73074293,105.9500
1627240134374000,1,2.70090000,105.9500
1627240134475000,1,0.00000591,105.9500
1627240161942000,1,6.23560000,105.7900
1627240193675000,1,6.23560000,105.7600
1627240193740000,1,3.21330000,105.7600
1627240193783000,1,0.00003794,105.7600
1627240195146000,1,61.42630000,105.7100
1627240195723000,1,0.00001928,105.7100
1627240290144000,1,1.79494527,105.9000
1627240340804000,0,0.45795933,105.9500
1627240363144000,1,2.00000000,105.9500
1627240368674000,1,41.00000000,105.9400
1627240589258000,1,9.42222000,106.0600
1627240777439000,1,0.28500000,106.1200
1627240790140000,1,9.41424000,106.1500
1627240802844000,0,17.83337441,106.1600
1627240818373000,1,0.43899409,106.1100
1627240917315000,1,7.99204000,106.1200
1627240917413000,1,9.41637000,106.1100
1627240917518000,1,0.00000319,106.1100
1627241000033000,1,2.31897705,106.1600
1627241019360000,1,11.09739954,106.1600
1627241020356000,1,7.90260046,106.1600
1627241020356000,1,2.50000000,106.1400
1627241020356000,1,0.69479908,106.1300
1627241021506000,1,19.00000000,106.1400
1627241021506000,1,46.30520092,106.1300
1627241021506000,1,7.99156856,106.1100
1627241021506000,1,30.88004876,106.0900
1627241021506000,1,39.95460112,106.0900
1627241021506000,1,9.41655053,106.0900
1627241021506000,1,59.91790428,106.0800
1627241021506000,1,0.50731706,106.0700
1627241021506000,1,190.17390000,106.0700
1627241021506000,1,23.54491241,106.0700
1627241021506000,1,10.00000000,106.0700
1627241021506000,1,0.50505019,106.0400
1627241021506000,1,151.99276813,106.0400
1627241021673000,1,0.94505975,106.0900
1627241022663000,1,19.00000000,106.1300
1627241022663000,1,9.41672788,106.1200
1627241022663000,1,19.00000000,106.1000
1627241022663000,1,23.54357633,106.1000
1627241022663000,1,20.49733100,106.0900
1627241053533000,1,1.45500000,106.1500
1627241080380000,1,7.98697000,106.1900
1627241302474000,0,4.57312193,106.2600
1627241314193000,1,7.18389160,106.1600
1627241455631000,1,7.97669000,106.3000
1627241470149000,1,20.19744000,106.3600
1627241524868000,1,23.00000000,106.4100
1627241525628000,1,22.00000000,106.4100
1627241525737000,1,11.00000000,106.4100
1627241543637000,1,7.96863000,106.4000
1627241596260000,1,7.96757000,106.4000
1627241596458000,1,36.06380000,106.3700
1627241598211000,0,2.73716884,106.4200
1627241623838000,0,0.92359833,106.4900
1627241636755000,1,7.97145000,106.3700
1627241645991000,1,0.00000387,106.3700
1627241645991000,1,7.97144613,106.3700
1627241704385000,1,7.97040000,106.3900
1627241705471000,1,54.08670000,106.3600
1627241794885000,1,0.99384800,106.4000
1627241814507000,1,7.96721000,106.4300
1627241848164000,1,0.00000426,106.4300
1627241848164000,1,2.30754144,106.4200
1627241939456000,1,1.34901497,106.4400
1627242027223000,1,0.80078540,106.4300
1627242045763000,1,33.03279000,106.3900
1627242045812000,1,14.96721000,106.3900
1627242049902000,1,2.30607729,106.3400
1627242090368000,1,12.49438451,106.3200
1627242179139000,1,7.98709000,106.1500
1627242201043000,1,0.00000247,106.1500
1627242222649000,1,2.30947142,105.9800
1627242268872000,0,1.85923829,106.1200
1627242384792000,1,0.71000000,105.9100
1627242445581000,1,2.31142866,105.8800
1627242657123000,1,2.31812261,106.0700
1627242658476000,1,9.42222000,106.0600
1627242658526000,1,0.00000892,106.0600
1627242737830000,1,0.50619800,105.8200
1627242758159000,1,0.28800000,105.8100
1627242813801000,1,3.90000000,105.8600
1627242858612000,1,2.31709945,105.8300
1627243010640000,1,2.32038467,105.8700
1627243101114000,1,1.14638001,105.9000
1627243204863000,1,9.43164000,105.8900
1627243205102000,1,0.00000884,105.8900
1627243205102000,1,23.58220116,105.8700
1627243210476000,1,23.58311506,105.8800
1627243210476000,1,9.43289439,105.8800
1627243210476000,1,0.98399055,105.8800
1627243210645000,1,9.43307000,105.8900
1627243212558000,1,9.43164000,105.8800
1627243221591000,1,2.31906935,105.8800
1627243221932000,1,7.11524000,105.8800
1627243221986000,1,0.00000893,105.8800
1627243221986000,1,23.58755107,105.8700
1627243222096000,1,0.00001420,105.8700
1627243222096000,1,31.04210580,105.8700
1627243222143000,1,30.29184000,105.8700
1627243226069000,1,9.43752359,105.8300
1627243226069000,1,23.59734641,105.8300
1627243244863000,1,9.44590000,105.7700
1627243292540000,1,9.44501000,105.8000
1627243342436000,1,9.44929508,105.7100
1627243342436000,1,23.62812492,105.7100
1627243382079000,1,2.31977598,105.6600
1627243406859000,1,9.45823000,105.6400
1627243406868000,1,0.00000245,105.6400
1627243458763000,0,0.51020585,105.6000
1627243604238000,1,2.32813547,105.5200
1627243708370000,1,1.43402800,105.4900
1627243715135000,1,3.00000000,105.5400
1627243725560000,1,0.99900000,105.5800
1627243725642000,1,1.49900000,105.5800
1627243746151000,1,3.00000000,105.5500
1627243747817000,0,1.09115846,105.6500
1627243756668000,1,3.00000000,105.5500
1627243767107000,1,0.33466207,105.5600
1627243777635000,1,2.32654477,105.5500
1627243777784000,1,3.00000000,105.5500
1627243799728000,0,17.90407912,105.6600
1627243808224000,0,1.55738878,105.6500
1627243843774000,0,8.95201590,105.7100
1627243899320000,0,0.32112101,105.7000
1627243950242000,1,2.32594952,105.7000
1627243968906000,0,1.00623759,105.8100
1627243980883000,1,1.05468800,105.7400
1627244142197000,1,2.32264882,105.8700
1627244219774000,1,0.29976000,105.9100
1627244227125000,1,0.60166000,105.9200
1627244227990000,1,2.03392500,105.9200
1627244253565000,1,0.56200000,105.8500
1627244253644000,1,0.20494744,105.8500
1627244257601000,1,1.25776150,105.8600
1627244311703000,1,1.58631700,105.9000
1627244374975000,1,2.31758595,105.8000
1627244385451000,1,1.24611605,105.8000
1627244434429000,1,2.72844000,105.7700
1627244556515000,1,2.32045016,105.7700
1627244700314000,1,0.38621300,105.7900
1627244719062000,1,0.28800000,105.7900
1627244729586000,1,2.32176705,105.8000
1627244780572000,1,2.32176705,105.7400
1627244959801000,1,0.41041700,105.7600
1627244991182000,1,2.32109153,105.7600
1627245052207000,1,0.40647730,105.7700
1627245093270000,1,2.32131141,105.8100
1627245238459000,1,4.74900000,105.6200
1627245253769000,1,0.84100000,105.6200
1627245264221000,1,2.32021443,105.6200
1627245344723000,1,2.32394806,105.6500
1627245551227000,1,0.79832600,105.6200
1627245696686000,1,2.32456187,105.7400
1627246027334000,0,2.10760709,105.7200
1627246186222000,0,0.39485078,105.8500
1627246711675000,0,0.93876780,105.9900
1627246776178000,1,0.53804289,105.9500
1627246805349000,0,0.91574588,106.0000
1627246844425000,0,0.19048966,105.9900
1627246857115000,0,0.34198082,105.9800
1627246881224000,1,19.00000000,105.8600
1627246881224000,1,8.01563005,105.8500
1627246881224000,1,8.80041705,105.8300
1627247192763000,1,0.94000000,105.8000
1627247270148000,0,2.75120384,105.8500
1627247270223000,0,8.64664067,105.8500
1627247622771000,0,1.14376148,105.8200
1627247623782000,0,2.63913180,105.8200
1627247624776000,0,9.45160240,105.8200
1627247782374000,1,0.43570649,105.6800
1627247943708000,1,0.41908403,105.8900
1627248104497000,0,2.28137889,106.0700
1627248169754000,0,0.44492562,106.2200
1627248189587000,0,0.99711290,106.2200
1627248397661000,1,1.19900000,106.1500
1627248688611000,0,0.67094182,106.1500
1627248850967000,1,1.71227580,106.1000
1627248898190000,1,2.37428146,106.1200
1627248969936000,0,1.82554860,106.2400
1627249042376000,1,0.26167880,106.1000
1627249068455000,0,4.13406138,106.2200
1627249113318000,0,4.79461671,106.2200
1627249254708000,1,1.12271018,106.1300
1627249471283000,0,8.14538000,106.2200
1627249471593000,0,0.00000191,106.2200
1627249619518000,0,0.54841298,106.3700
1627249624515000,1,9.40185405,106.2700
1627249624515000,1,23.50549595,106.2700
1627249624804000,1,9.40379000,106.2800
1627249625016000,1,9.40379000,106.2500
1627249625070000,1,0.00000913,106.2500
1627249625070000,1,23.50549087,106.2400
1627249775311000,1,0.20000000,106.1700
1627249832219000,0,1.64741027,106.3000
1627249861815000,0,0.62611306,106.1700
1627249890785000,1,9.42595000,106.0200
1627250040470000,0,0.32029958,106.0000
1627250117627000,0,2.48738205,105.9500
1627250139909000,0,1.86134261,105.9800
1627250333877000,0,5.00000000,106.2000
1627250436910000,1,9.40203000,106.2500
1627250468839000,1,9.41141000,106.1800
1627250533387000,1,9.42347000,106.0400
1627250561958000,1,0.37649600,105.9900
1627251035311000,0,0.50725097,106.1700
1627251271824000,0,0.68506477,106.3500
1627251664541000,1,1.19923856,106.0900
1627251946732000,1,0.30408400,106.0600
1627251955884000,1,1.18818962,106.0300
1627252053880000,1,9.42702000,106.0100
1627252238000000,1,1.91214495,106.1000
1627252329061000,0,63.00000000,106.2700
1627252342890000,1,9.40521000,106.2500
1627252379592000,1,0.30602163,106.2600
1627252600545000,1,9.39108223,106.4000
1627252704540000,0,20.00000000,106.0000
1627253130004000,1,9.41601000,106.1300
1627253395997000,1,0.27917300,105.9700
1627253434682000,1,0.64938966,105.9500
1627253671040000,1,9.42880000,106.0000
1627253716468000,1,0.47766898,105.9400
1627253768097000,1,0.28682583,106.0300
1627253963034000,1,1.03956132,106.2600
1627253977039000,1,0.39068856,106.3000
1627254000736000,1,15.00000000,106.4400
1627254005748000,1,4.80689730,106.3500
1627254017742000,1,0.94667864,106.3800
1627254089910000,1,2.32504100,106.3900
1627254257229000,1,9.37628000,106.5800
1627254264875000,0,1.00000000,106.6500
1627254264955000,0,268.99900000,106.6500
1627254266981000,0,95.77955443,106.6600
1627254267072000,0,93.81869000,106.6600
1627254443846000,0,0.27704857,106.8100
1627254589592000,0,3.17192996,106.8900
1627254782049000,0,0.19784946,106.9500
1627254878580000,1,0.20151500,106.2400
1627254895896000,0,32.00000000,106.4400
1627254895969000,0,5.00000000,106.4400
1627254896273000,0,28.00000000,106.4400
1627254964450000,0,0.44404773,106.4300
1627255082000000,1,0.39766150,106.4300
1627255328924000,1,0.27704857,106.5800
1627255449025000,1,0.26478000,106.7700
1627255534844000,0,1.04365756,106.9200
1627255581141000,0,2.56291514,106.8600
1627255715816000,1,0.18742324,106.9500
1627255885172000,0,96.00000000,107.2600
1627255914873000,0,0.44036526,107.3200
1627256001808000,1,0.40000000,107.3600
1627256088287000,1,0.46075365,107.3300
1627256151405000,0,7.89470000,107.6000
1627256171788000,1,9.29938000,107.4300
1627256176818000,1,0.70788977,107.2900
1627256367509000,0,46.00000000,107.5700
1627256372728000,1,17.30062000,107.5700
1627256401463000,1,9.28487000,107.6100
1627256455288000,0,1.00000000,107.7000
1627256511868000,1,78.00000000,107.7700
1627256905602000,0,0.46124605,107.8600
1627256998318000,1,0.98202549,107.8000
1627257052400000,0,1.29750000,108.0000
1627257117638000,1,9.23770000,108.1400
1627257256123000,1,9.25326000,108.0000
1627257386003000,0,50.00000000,108.1300
1627257405205000,0,0.54867615,108.2800
1627257432647000,1,0.39290895,108.2900
