timestamp ms,type,amount,price
1627603275488000,1,31.88000000,119.0100
1627603328448000,0,45.00000000,119.0600
1627603505513000,1,0.49999999,119.0000
1627603505749000,1,0.00000001,119.0000
1627603506395000,1,35.00000000,118.9500
1627603712160000,1,30.00000000,118.8500
1627603723898000,1,35.00000000,118.7500
1627603731845000,1,1.41000000,118.6200
1627603731889000,1,0.00634200,118.6200
1627603740536000,0,3.22383583,118.6400
1627603740946000,0,3.22383583,118.6400
1627603819699000,0,3.79363594,118.3700
1627603904003000,1,1.40860000,118.5200
1627603907494000,1,0.00006882,118.5200
1627604075716000,0,7.08791222,118.7300
1627604075716000,0,6.83162273,118.7300
1627604288686000,0,7.07000000,119.0000
1627604288824000,0,0.00377524,119.0000
1627604288824000,0,8.40874203,119.0100
1627604290289000,0,36.00000000,119.0200
1627604438302000,0,1.90283089,119.1100
1627604438456000,0,2.12818263,119.1100
1627604625472000,1,7.06052616,119.1000
1627604625472000,1,13.82947384,119.0900
1627604690918000,1,0.17278405,119.1300
1627604760054000,0,8.00000000,119.3100
1627604993247000,1,0.18826414,119.1600
1627605062275000,1,9.10300000,119.0300
1627605117253000,1,21.20700000,118.9100
1627605203264000,0,4.01960000,118.9000
1627605784354000,1,2.45046798,118.9700
1627605944614000,1,1.41549423,118.8200
1627605944614000,1,7.07835476,118.8200
1627605944916000,1,8.41410000,118.7700
1627606053400000,1,45.00000000,118.5400
1627606053502000,1,21.27620000,118.5100
1627606053802000,1,8.43490000,118.4600
1627606053913000,1,0.00007478,118.4600
1627606144905000,0,21.29550000,118.5200
1627606160887000,1,21.27170000,118.4100
1627606160887000,1,3.69350000,118.4100
1627606618137000,1,2.67420000,118.4800
1627606622726000,0,1.62975822,118.4900
1627606763874000,0,1.14495866,118.5200
1627606870432000,1,7.09000000,118.5000
1627606913521000,1,7.10000000,118.4700
1627606913543000,1,0.00172396,118.4700
1627607070279000,1,0.70250700,118.2400
1627607123337000,0,7.10957496,118.4500
1627607123481000,0,8.44592000,118.4800
1627607136381000,1,0.21617892,118.4600
1627607173506000,1,0.22900000,118.4700
1627607184644000,0,8.43925000,118.5700
1627607424858000,0,8.44424835,118.4900
1627607424973000,1,5.00000000,118.5000
1627607425055000,0,8.44419810,118.5000
1627607425055000,0,32.88980190,118.5100
1627607425438000,0,21.10781000,118.5300
1627607516865000,1,7.10000000,118.4300
1627607516878000,1,0.00290691,118.4300
1627607579456000,1,0.44490980,118.4800
1627607592740000,0,8.43860000,118.5800
1627607629930000,0,0.57974533,118.7400
1627607690899000,0,3.10015508,118.8500
1627607690989000,1,0.98385710,118.7700
1627607742957000,0,8.41181000,118.9700
1627607755032000,1,167.45750000,118.8800
1627607755032000,1,32.20250000,118.8500
1627607755199000,1,7.07000000,118.8500
1627607756719000,1,0.00690268,118.8500
1627607816412000,1,7.08000000,118.6700
1627607838062000,1,0.00933635,118.6700
1627607838062000,1,1.69778515,118.6700
1627608009720000,1,0.56192556,118.6600
1627608279628000,0,33.85000000,118.9100
1627608322987000,1,0.60074823,118.8800
1627608381625000,1,21.21270000,118.7500
1627608381625000,1,7.08584826,118.7500
1627608382064000,0,35.41000000,118.7400
1627608404199000,1,1.17000000,118.6400
1627608425781000,0,18.05000000,118.7300
1627608425782000,0,18.06000000,118.7300
1627608605760000,1,0.18970532,118.6500
1627608705947000,0,55.00000000,118.5300
1627608776580000,0,1.70000000,118.5400
1627608908679000,0,42.00000000,118.7600
1627608908831000,0,7.08876402,118.8200
1627608908831000,0,35.45233335,118.8300
1627608908831000,0,5.00000000,118.8300
1627608908831000,0,8.41890263,118.8400
1627608909018000,0,0.00146939,118.8400
1627608976867000,0,21.35000000,119.0000
1627608976891000,0,17.79000000,119.0000
1627608976910000,0,1.38376000,119.0000
1627608977721000,0,7.47000000,119.0000
1627608977814000,0,0.00624000,119.0000
1627609033346000,0,38.00000000,119.0500
1627609242488000,0,55.00000000,118.9700
1627609329404000,0,28.19000000,119.2200
1627609375538000,1,7.05408257,119.2800
1627609375588000,1,21.13520000,119.2700
1627609507901000,1,7.04970000,119.3600
1627609516078000,1,1.97162900,119.3300
1627609617841000,1,7.03000000,119.5300
1627609617860000,1,0.00850726,119.5300
1627609683823000,0,20.87964000,119.8300
1627609683960000,0,0.00000384,119.8300
1627609685711000,0,7.74778273,119.8700
1627609735900000,1,5.62000000,119.5300
1627609735927000,1,12.38000000,119.5300
1627609825171000,0,1.25000000,119.7300
1627609825327000,0,7.10866558,119.7300
1627609862552000,1,18.00000000,119.8000
1627609862552000,1,7.02100890,119.8000
1627609862552000,1,5.00000000,119.8000
1627609862552000,1,11.10184110,119.7900
1627609911807000,1,7.01000000,119.8500
1627609925230000,1,0.00925086,119.8500
1627609925230000,1,0.99074914,119.8500
1627609970413000,1,7.01000000,119.8500
1627610152444000,1,7.01091125,119.9900
1627610152590000,1,8.33041000,119.9600
1627610152654000,1,0.00000769,119.9600
1627610152870000,1,8.33041769,119.9500
1627610152870000,1,21.01800000,119.9400
1627610279301000,1,0.38279684,119.8500
1627610454496000,0,7.80000000,120.2500
1627610513972000,1,6.99131629,120.3000
1627610538814000,1,0.19600000,120.3200
1627610551964000,1,0.00400000,120.3200
1627610581385000,1,1.51000000,120.2100
1627610709922000,0,0.46122310,120.4300
1627610709922000,0,3.30000000,120.4400
1627610709984000,0,37.00000000,120.4700
1627610880674000,1,1.62435840,120.4400
1627611034827000,1,6.98731287,120.4100
1627611034827000,1,3.01268713,120.4100
1627611091027000,0,18.00000000,120.5500
1627611162094000,1,0.64590658,120.4500
1627611164084000,1,0.32295329,120.4000
1627611280599000,1,6.99000000,120.3300
1627611280668000,1,0.00188671,120.3300
1627611284194000,1,6.99000000,120.3000
1627611284311000,1,0.00353250,120.3000
1627611337910000,0,0.80364762,120.4100
1627611441789000,0,0.36459544,120.3800
1627611533144000,1,0.80218687,120.1100
1627611593479000,0,0.24217356,120.0300
1627611823255000,1,7.01000000,119.9700
1627611975431000,1,7.00335000,120.1100
1627611993789000,1,0.00094606,119.9700
1627611993789000,1,17.99905394,119.9700
1627611993798000,1,0.00094606,119.9700
1627611994189000,0,8.33631092,120.0500
1627611994189000,0,31.66368908,120.0600
1627611994661000,0,3.33631000,120.0600
1627611995881000,0,0.00000092,120.0600
1627612304467000,1,6.99000000,120.3000
1627612304685000,1,0.00267035,120.3000
1627612317418000,1,6.99000000,120.2500
1627612317798000,1,0.00412016,120.2500
1627612317798000,1,24.40587984,120.2200
1627612318011000,1,10.56000000,120.2200
1627612406512000,1,0.38861596,120.1400
1627612417085000,0,6.99981141,120.2700
1627612479958000,1,7.00000000,120.0300
1627612479975000,1,0.00777601,120.0300
1627612523345000,1,7.00708000,120.0400
1627612747416000,1,7.01000000,119.9200
1627612747593000,1,0.00331825,119.9200
1627612747593000,1,35.06114308,119.9000
1627612747593000,1,19.96400000,119.9000
1627612843663000,1,7.00000000,120.0300
1627612843779000,1,0.00699117,120.0300
1627612994675000,1,0.70388000,120.1700
1627613048948000,1,19.96400000,120.2200
1627613530462000,1,7.00000000,120.1200
1627613530497000,1,0.00134700,120.1200
1627613571351000,1,2.85000000,120.1200
1627613571355000,1,4.15222991,120.1200
1627613782315000,0,7.01000000,120.0500
1627613782406000,0,0.00333855,120.0500
1627613790832000,1,21.02710000,119.9200
1627613966155000,0,7.01507603,120.0200
1627613966155000,0,17.99492397,120.0200
1627613966220000,0,2.85053232,120.0200
1627614200682000,1,7.00000000,120.1000
1627614201142000,1,0.00257777,120.1000
1627614201142000,1,2.98742223,120.0900
1627614201495000,1,26.47000000,120.0900
1627614201506000,1,5.54854799,120.0900
1627614201693000,1,5.54000000,120.1000
1627614202346000,1,1.46000000,120.1000
1627614203480000,1,0.00257777,120.1000
1627614203480000,1,6.99742223,120.1000
1627614223578000,1,0.00515554,120.1000
1627614223578000,1,1.89484446,120.0700
1627614223589000,1,5.10852101,120.0700
1627614496341000,1,0.21270999,120.2200
1627614785381000,0,0.20375320,120.4600
1627614937993000,1,1.27430000,120.5100
1627614941999000,0,0.16698899,120.5600
1627614941999000,0,0.00221890,120.5600
1627614945227000,1,2.00000000,120.5600
1627614956305000,0,0.16396758,120.6100
1627614956305000,0,0.00341302,120.6100
1627614960250000,0,0.00341593,120.6100
1627614968122000,0,0.52000000,120.7500
1627614968324000,0,0.00500000,120.7500
1627615196849000,0,1.70000000,121.0000
1627615280262000,1,6.72412300,120.7800
1627615350031000,0,1.47104034,120.8500
1627615801735000,1,8.26000000,120.7900
1627615896178000,1,20.88070000,120.6800
1627615896252000,1,19.96400000,120.6700
1627615972421000,0,0.35000000,120.4400
1627615982156000,1,6.98000000,120.3600
1627616326075000,1,0.23174908,120.0200
1627616356757000,1,2.00000000,119.9300
1627616375849000,0,7.01421014,120.0500
1627616375849000,0,17.99578986,120.0700
1627616375938000,0,1.56000000,120.0500
1627616375950000,0,5.45421014,120.0500
1627616396947000,0,5.25220000,120.1600
1627616472586000,1,7.00000000,120.1100
1627616505787000,0,0.28022376,120.2400
1627616702648000,0,3.65000000,120.3000
1627616703161000,0,1.21000000,120.3000
1627616703184000,0,5.88000000,120.3000
1627616703211000,0,0.54782000,120.3000
1627616706106000,1,6.99620000,120.2400
1627617050869000,1,0.27748990,120.2100
1627617249712000,0,18.00000000,120.3600
1627617249712000,0,5.00000000,120.3600
1627617249712000,0,6.99644941,120.3700
1627617249712000,0,93.86372104,120.3700
1627617249721000,0,2.52775858,120.3700
1627617262689000,1,1.83920000,120.2900
1627617323818000,0,7.00000000,120.1800
1627617352255000,1,0.26767964,120.0800
1627617677363000,1,20.95590000,120.2600
1627617677490000,1,54.00000000,120.2500
1627617711855000,0,3.92224066,120.5000
1627618031735000,1,0.23370000,120.1000
1627618047132000,0,7.00000000,120.2200
1627618125522000,1,7.00000000,120.1100
1627618125652000,1,0.00357737,120.1100
1627618209534000,1,31.26000000,119.9800
1627618216741000,1,2.15200000,119.9700
1627618229907000,0,18.00000000,120.1000
1627618256799000,1,8.53699960,120.0300
1627618295198000,0,7.00966175,120.1500
1627618296179000,0,19.12781693,120.1600
1627618329180000,0,7.01000000,120.1200
1627618362006000,0,0.00125287,120.1200
1627618362006000,0,17.99874713,120.1200
1627618480928000,0,0.00497849,120.2200
1627618480928000,0,6.99502151,120.3200
1627618539542000,1,0.28382510,120.2000
1627618719652000,1,0.60757226,120.2900
1627618737246000,0,2.15824887,120.3800
1627618866350000,0,7.00554000,120.2100
1627618878792000,0,7.00008421,120.3100
1627619027890000,0,6.99714985,120.3800
1627619027890000,0,18.00000000,120.3800
1627619027937000,1,11.28429000,120.3800
1627619028007000,1,0.00000225,120.3800
1627619343827000,1,0.60690000,120.1800
1627619501325000,0,7.01026326,120.1400
1627619555985000,0,0.74054000,120.2500
1627619626270000,1,2.75000000,120.1400
1627619638611000,1,0.35287671,120.1800
1627619666931000,0,0.24219369,120.3200
1627619781418000,1,7.00000000,120.1900
1627619782380000,1,0.00043713,120.1900
1627619782380000,1,1.11956287,120.1900
1627619782422000,1,5.88087426,120.1900
1627619782879000,1,8.89000000,120.1800
1627619938539000,0,0.32327438,120.0700
1627619988352000,0,4.50000000,120.0200
1627620013474000,0,7.01927000,119.9800
1627620035059000,1,2.15824887,119.6600
1627620215514000,1,48.19840000,119.5600
1627620236429000,1,0.00007775,119.5600
1627620267252000,1,2.00000000,119.5400
1627620481212000,0,0.39549914,119.7700
1627620527783000,0,6.63507673,119.7700
1627620527783000,0,35.16150438,119.7800
1627620568573000,1,0.24682506,119.7500
1627620632430000,0,0.61570767,119.7800
1627620783890000,1,7.04236437,119.4100
1627620783890000,1,0.51240224,119.3900
1627620783890000,1,49.00000000,119.3900
1627620783890000,1,8.36848095,119.3900
1627620783890000,1,8.36582060,119.3800
1627620783890000,1,31.46318503,119.3700
1627620783890000,1,35.21182184,119.3700
1627620820831000,0,1.67240748,119.5300
1627620821821000,0,1.67240748,119.5300
1627620822864000,0,1.67240748,119.5300
1627620826990000,0,1.67240747,119.5300
1627620839985000,0,0.35527017,119.5300
1627620839985000,0,35.22472983,119.5400
1627620846056000,0,0.38833328,119.5600
1627620953267000,0,32.86637209,119.7400
1627620953267000,0,7.02362791,119.7400
1627620958238000,0,7.03037996,119.7800
1627621071006000,0,7.03032000,119.7800
1627621071073000,0,8.35199000,119.8000
1627621302568000,1,0.62400000,119.8000
1627622139300000,0,4.68000000,119.5800
1627622220636000,1,0.70699900,119.4900
1627622333166000,0,7.04980000,119.5000
1627622365974000,0,0.48827793,119.5500
1627622408726000,0,0.00662154,119.5800
1627622408726000,0,0.77420334,119.5900
1627622639350000,0,0.24361169,119.5600
1627622821436000,1,1.07291000,119.1200
1627623001275000,1,2.00000000,119.0900
1627623243628000,0,0.93425154,119.3000
1627623366375000,1,0.22222200,119.1600
1627623422143000,0,0.34730671,119.3700
1627623504183000,1,7.04607945,119.4100
1627623504183000,1,1.37449507,119.4000
1627623527756000,1,0.25576010,119.4200
1627623599259000,1,6.78000000,119.4200
1627623908063000,0,0.82268242,119.3800
1627624387399000,1,21.08840000,119.4800
1627624398296000,1,18.00000000,119.3700
1627624431602000,1,0.52950000,119.3900
1627624482429000,1,0.19525614,119.3800
1627624687969000,1,2.97890583,119.0300
1627624825416000,1,0.25465000,119.0500
1627624866004000,1,0.19658100,118.8800
1627624909615000,0,7.08590000,118.8400
1627625115968000,0,0.28050973,119.0200
1627625230082000,1,7.06000000,119.0000
1627625263578000,1,0.00920678,119.0000
1627625263717000,1,10.29000000,119.0000
1627625386949000,0,7.07682000,118.9700
1627625476182000,1,72.00000000,118.6400
1627625476185000,1,17.77640000,118.6400
1627625476200000,1,5.00000000,118.6400
1627625476200000,1,18.78560000,118.6300
1627625476378000,1,8.41977636,118.6100
1627625476386000,1,0.00000001,118.6100
1627625476513000,1,0.16866251,118.5800
1627625476513000,1,21.04543749,118.5800
1627625476630000,1,8.41970000,118.5900
1627625477472000,0,0.18861000,118.6100
1627625560746000,0,1.40861715,118.6000
1627625911312000,1,0.60221800,118.5700
1627625922164000,1,0.21551700,118.6000
1627626435327000,0,0.20137434,119.3300
1627626445690000,0,1.60821002,119.3700
1627626870645000,1,7.05108237,119.3500
1627626870645000,1,9.47611856,119.3500
1627626874234000,0,0.65028385,119.4500
1627626925426000,1,3.00000000,119.4000
1627626925443000,1,4.04722288,119.4000
1627626925889000,1,7.04000000,119.4000
1627626925905000,1,0.00722288,119.4000
1627627027847000,1,27.00000000,119.4500
1627627072191000,1,0.17094000,119.3300
1627627109165000,1,7.22123995,119.3200
1627627122144000,1,3.57913000,119.3100
1627627221973000,0,0.38888613,119.4000
1627627353646000,1,0.45039248,119.1200
1627627353750000,1,0.45050843,119.1200
1627627353864000,1,0.36000000,119.1200
1627627369330000,0,1.21226700,119.2200
1627627386292000,1,0.86056000,119.1200
1627627551225000,1,2.36000000,119.2100
1627627666459000,1,0.35652882,119.0600
1627627779291000,0,0.40445400,119.0600
1627627926798000,0,2.71625968,119.2100
1627628057672000,1,0.18803400,119.1000
1627628218648000,1,0.51234130,119.2000
1627628322535000,1,1.69698021,119.3600
1627628399084000,0,0.40928136,119.4700
1627628495194000,1,30.81560000,119.3500
1627628609744000,1,0.29100000,119.3700
1627628609823000,1,0.26000000,119.3700
1627628655434000,1,1.33372791,119.3100
1627628690825000,0,0.18876645,119.4500
1627628934892000,0,7.04000000,119.3900
1627629032748000,0,7.05205858,119.3600
1627629032748000,0,2.76614988,119.3600
1627629064138000,1,0.22645915,119.3600
1627629300513000,1,4.01244320,119.3800
1627629390786000,0,7.04630000,119.4400
1627629462255000,0,7.04650000,119.4300
1627629488886000,0,0.00005186,119.4300
1627629488886000,0,1.60921914,119.4300
1627629573797000,0,4.00000000,119.3000
1627629614510000,0,1.48692182,119.2300
1627629708877000,0,1.73600875,119.1600
1627629793857000,0,7.08208569,118.8200
1627629793857000,0,0.31440443,118.8200
1627629941933000,0,0.56722532,118.9800
1627629975067000,0,6.50614606,118.9800
1627629975067000,0,10.14386994,118.9800
1627630334286000,0,1.28980866,118.9700
1627630364724000,0,0.33878385,118.9300
1627630675926000,1,0.17183317,119.1300
1627631036354000,1,7.06000000,118.9200
1627631059946000,1,1.12262559,118.9300
1627631080469000,1,0.17181700,118.9300
1627631243839000,1,0.00690339,118.9200
1627631243839000,1,2.20597288,118.8600
1627631384005000,1,0.88863088,119.1800
1627631435021000,0,18.00000000,119.1600
1627631435021000,0,8.39672863,119.1600
1627631435021000,0,5.00000000,119.1600
1627631435021000,0,7.06052730,119.1700
1627631435021000,0,21.26900000,119.1700
1627631435021000,0,20.26644563,119.1800
1627631507806000,0,10.00000000,119.1300
1627631560497000,0,8.39944000,119.1400
1627631560581000,0,0.00000442,119.1400
1627631655607000,1,3.30000000,118.9400
1627631707938000,0,0.26108842,118.9900
1627631827056000,0,8.41223000,118.9500
1627631827128000,0,0.00000043,118.9500
1627631980759000,1,1.13856000,118.9700
1627632019546000,0,0.41165794,119.1200
1627632146954000,1,21.16430000,118.8900
1627632160044000,0,5.00000000,118.8300
1627632178589000,0,7.07957000,118.8200
1627632513382000,0,0.83757074,118.3900
1627632559593000,0,7.10450000,118.3700
1627632565481000,0,0.00000593,118.3700
1627632600533000,1,0.80254762,118.3600
1627632621059000,0,0.57485397,118.4800
1627632621148000,0,0.57885527,118.4800
1627632644556000,0,0.41528868,118.4400
1627632693844000,0,0.83142654,118.4500
1627632725324000,0,2.04860269,118.4800
1627632748253000,0,0.20715826,118.4800
1627632753119000,0,0.24579083,118.4800
1627632789739000,0,2.08506297,118.4000
1627632795397000,0,0.20729823,118.4000
1627632955723000,1,1.51000000,118.3500
1627633017019000,0,0.41549917,118.3800
1627633064262000,1,0.00271651,118.3500
1627633064262000,1,7.10065058,118.3300
1627633064262000,1,1.43363251,118.3200
1627633093719000,0,0.29045241,118.4400
1627633107011000,1,0.21117373,118.3300
1627633118061000,0,0.41535882,118.4200
1627633257288000,0,8.44355000,118.5100
1627633276483000,1,5.52234946,118.5100
1627633320244000,0,18.00000000,118.5800
1627633320244000,0,1.00942422,118.5900
1627633320325000,1,0.48382391,118.4900
1627633599047000,1,0.86307300,118.3900
1627633669540000,1,3.88516600,118.3000
1627633704614000,1,2.22400440,118.2700
1627633743012000,0,35.00000000,118.3700
1627633820986000,1,30.00000000,118.1900
1627633827096000,1,1.54539040,118.1100
1627633831711000,1,18.00000000,118.0800
1627633831711000,1,5.00000000,118.0800
1627633831711000,1,21.34100000,118.0700
1627633831711000,1,0.65900000,118.0700
1627633859576000,1,1.20080253,118.0800
1627633884942000,0,37.00000000,118.1700
1627634210732000,1,0.65343652,118.0800
1627634257402000,1,25.00000000,118.0500
1627634258969000,0,3.79898683,118.0300
1627634299466000,1,0.21678375,117.9500
1627634347724000,0,50.00000000,118.0100
1627634373234000,0,3.23441011,117.8800
1627634374950000,0,18.00000000,117.8400
1627634380924000,1,0.33025356,117.7300
1627634380983000,1,0.00000001,117.7300
1627634424000000,0,4.72000000,117.5900
1627634424845000,0,46.00000000,117.6200
1627634424845000,0,7.15013749,117.6300
1627634424845000,0,5.00000000,117.6300
1627634461052000,0,4.17643967,117.6700
1627634473236000,1,0.17040130,117.3700
1627634473236000,1,0.72160870,117.3300
1627634477792000,0,3.75540152,117.3200
1627634478230000,0,3.75540152,117.3000
1627634479583000,1,72.00000000,117.1000
1627634480129000,1,84.50000000,117.1000
1627634480704000,0,0.71611253,117.1200
1627634485118000,1,0.51010903,116.8200
1627634485118000,1,0.17123815,116.8000
1627634485118000,1,0.53593207,116.7800
1627634485118000,1,5.00000000,116.7800
1627634485118000,1,7.18553978,116.7600
1627634485118000,1,0.46362423,116.7400
1627634485118000,1,14.28868086,116.7400
1627634485341000,1,1.25000000,116.8000
1627634489450000,1,0.27788532,116.5000
1627634491790000,1,0.29942484,116.4900
1627634497655000,1,0.83541000,116.3000
1627634498433000,1,0.00000254,116.3000
1627634498433000,1,2.99999746,116.1500
1627634505131000,1,2.51930723,116.1700
1627634511164000,0,5.00000000,116.3400
1627634511164000,0,53.00000000,116.3500
1627634511353000,0,5.00000000,116.3500
1627634511434000,0,19.03100000,116.3600
1627634512736000,0,21.65320000,116.4100
1627634512736000,0,8.59504000,116.4100
1627634517455000,0,6.07236000,116.5100
1627634517519000,0,8.59180000,116.5200
1627634520701000,0,19.03100000,116.5500
1627634520701000,0,56.00000000,116.5500
1627634520933000,0,8.58457000,116.5800
1627634527330000,0,15.00000000,116.6500
1627634537857000,0,15.00000000,116.7100
1627634538966000,0,15.00000000,116.7200
1627634556930000,0,52.78790000,116.2800
1627634556960000,0,4.21210000,116.2800
1627634585461000,1,1.11799000,116.1100
1627634585968000,1,0.00000440,116.1100
1627634587691000,1,1.00000000,115.9800
1627634587691000,1,0.40134000,115.9100
1627634587909000,1,1.00000000,115.9100
1627634588090000,1,0.00000285,115.9100
1627634588469000,1,7.43254924,115.7500
1627634588822000,1,0.88000000,115.7500
1627634590657000,0,21.75780000,115.9900
1627634591870000,0,38.00000000,116.0900
1627634592742000,0,8.61810000,116.1300
1627634592953000,0,0.00006134,116.1300
1627634597968000,0,8.61400000,116.1900
1627634615659000,0,0.42738091,116.1100
1627634623352000,0,61.00000000,116.1700
1627634645646000,0,7.23900000,116.2200
1627634677388000,0,7.23727000,116.2300
1627634677551000,0,8.60862613,116.2500
1627634690786000,0,0.45244635,116.5000
1627634697990000,1,5.00000000,116.1600
1627634698041000,1,2.43280000,116.1500
1627634698139000,1,5.00000000,116.1500
1627634698170000,1,14.25550000,116.1500
1627634698255000,0,5.00000000,116.1400
1627634698255000,0,3.60141527,116.1400
1627634698485000,1,21.66760000,116.0900
1627634705496000,0,3.60140000,115.9700
1627634705624000,0,50.39860000,115.9700
1627634725628000,0,43.00000000,116.1600
1627634765054000,1,0.38024000,115.8000
1627634765539000,1,0.00000859,115.8000
1627634767832000,1,1.70769333,115.7100
1627634772216000,0,8.63970000,115.8200
1627634791925000,0,0.51851100,115.9200
1627634817586000,0,0.18533875,115.8800
1627634832145000,0,1.01000000,115.9600
1627634832443000,0,8.62633074,115.9900
1627634832443000,0,8.62571458,116.0000
1627634832443000,0,7.25229631,116.0100
1627634832443000,0,61.00000000,116.0200
1627634833331000,0,1.25000000,116.0200
1627634843390000,0,7.24438773,116.1700
1627634843390000,0,0.51196084,116.1700
1627634843390000,0,2.56970737,116.2000
1627634843503000,0,6.04293198,116.2000
1627634843503000,0,3.97426352,116.2000
1627634857897000,1,0.20000000,115.9100
1627634887459000,1,2.91040000,115.8800
1627634887666000,0,35.00000000,116.0100
1627634891808000,0,7.24955477,116.0600
1627634891808000,0,1.28798509,116.0600
1627634941903000,1,1.10400000,115.8000
1627634942000000,1,7.52532739,115.8000
1627634942259000,0,18.00000000,115.8200
1627634942259000,0,0.50000000,115.8200
1627634942259000,0,56.00000000,115.8300
1627634942259000,0,2.12568549,115.8300
1627634942416000,1,9.83623250,115.7800
1627634942521000,1,11.73818197,115.7800
1627634942932000,0,1.25000000,115.8200
1627634943043000,1,8.62932739,115.7800
1627634944026000,1,8.62932739,115.6500
1627634944026000,1,21.57441447,115.6400
1627634944398000,1,0.48368020,115.6700
1627634944461000,1,0.01589044,115.6700
1627634944672000,0,72.00000000,115.5800
1627634945296000,0,18.00000000,115.5400
1627634945532000,1,18.00000000,115.5300
1627634945532000,1,1.99692041,115.5200
1627634945590000,0,37.00000000,115.5400
1627634946789000,1,3.43000000,115.5700
1627634946808000,1,0.00152835,115.5700
1627634946902000,1,3.43000000,115.5800
1627634947554000,0,8.65509000,115.6700
1627634947768000,0,0.00000442,115.6700
1627634947768000,0,8.65679728,115.6800
1627634950904000,1,18.00000000,115.4900
1627634958468000,1,18.00000000,115.4000
1627634958468000,1,15.17389390,115.3500
1627634958468000,1,5.00000000,115.3500
1627634958468000,1,77.13392024,115.3400
1627634959726000,1,9.71781414,115.3700
1627634965899000,0,8.66434924,115.5200
1627634965899000,0,21.66227076,115.5200
1627634966026000,0,0.00001172,115.5200
1627634966090000,0,56.31800000,115.5400
1627634966399000,0,5.00000000,115.5400
1627634966436000,0,1.25000000,115.5400
1627634966447000,0,2.41087872,115.5400
1627634967355000,0,5.00000000,115.6700
1627634967424000,0,46.03677000,115.6700
1627634980536000,0,5.00000000,115.5700
1627634980881000,0,8.66119448,115.5600
1627634980881000,0,1.47879552,115.5600
1627634990969000,1,2.00000000,115.5600
1627634997947000,0,3.24810000,115.6300
1627635014676000,0,12.27800000,115.5600
1627635019487000,0,28.33391000,115.4700
1627635019557000,0,16.66609000,115.4700
1627635021307000,0,28.33391000,115.5200
1627635021384000,0,9.66609000,115.5200
1627635022806000,0,8.65685000,115.5800
1627635051872000,1,1.25000000,115.4700
1627635052127000,1,1.25000000,115.4700
1627635063001000,1,1.25000000,115.3200
1627635063488000,1,1.03730000,115.3200
1627635063967000,1,0.00003278,115.3200
1627635069429000,1,2.57890000,115.1200
1627635070204000,1,0.00005692,115.1200
1627635070436000,1,0.30000000,115.0000
1627635070489000,0,3.34915665,115.1300
1627635070671000,1,19.70000000,115.0000
1627635070671000,1,44.86890000,115.0000
1627635071408000,1,3.00000000,115.0000
1627635071449000,1,115.72788260,115.0000
1627635071449000,1,2.87181108,114.9300
1627635071449000,1,0.48900949,114.8800
1627635071449000,1,30.91129683,114.8300
1627635073960000,0,32.67709000,114.9400
1627635074129000,0,29.32291000,114.9400
1627635090604000,1,8.69052511,114.9300
1627635090604000,1,1.21771581,114.9000
1627635104383000,0,8.70140163,115.0000
1627635114157000,0,8.70336349,115.0300
1627635132181000,0,52.00000000,114.7600
1627635139672000,0,8.70154000,115.0100
1627635139820000,0,0.00000785,115.0100
1627635144145000,0,46.00000000,114.8500
1627635145324000,1,0.70100000,114.7300
1627635147393000,1,2.48100000,114.7300
1627635147426000,1,0.00000170,114.7300
1627635147625000,1,21.78193668,114.6800
1627635147625000,1,56.64288722,114.6400
1627635147625000,1,36.61791796,114.6400
1627635147625000,1,5.00000000,114.6400
1627635147720000,1,2.20000000,114.6800
1627635156121000,1,0.49735115,114.8200
1627635156206000,1,0.66944860,114.8200
1627635160458000,0,5.00000000,114.9700
1627635210853000,1,1.16670000,114.9900
1627635271035000,0,32.00000000,114.9800
1627635271109000,0,19.00000000,114.9800
1627635278232000,1,0.31765495,114.8800
1627635312742000,0,49.00000000,115.0200
1627635317293000,0,56.00000000,115.1600
1627635397113000,0,2.11022819,115.3700
1627635430715000,0,8.66533524,115.4700
1627635477069000,0,8.65839114,115.6200
1627635477069000,0,19.35099886,115.6200
1627635477138000,0,0.00000114,115.6200
1627635479764000,1,0.31690333,115.6200
1627635515213000,0,7.26769465,115.7200
1627635515213000,0,8.64603152,115.7400
1627635515213000,0,57.00000000,115.7500
1627635515213000,0,19.35100000,115.7600
1627635515213000,0,7.73527383,115.7700
1627635562013000,0,58.00000000,115.5400
1627635572062000,0,6.89368512,115.6000
1627635676848000,0,23.00000000,115.2200
1627635676944000,0,34.00000000,115.2200
1627635685184000,0,15.00000000,115.2400
1627635749175000,0,0.24885766,115.2900
1627635752569000,1,7.29060000,115.2000
1627635755112000,1,30.49300000,115.1400
1627635804765000,0,1.51270000,114.9500
1627635808496000,0,0.00001651,114.9500
1627635827027000,1,1.50310000,115.1000
1627635827089000,1,0.00002771,115.1000
1627635840905000,0,8.68703695,115.1900
1627635851264000,1,8.67370000,115.2000
1627635923847000,1,0.49403340,114.8100
1627636030094000,0,7.29000000,115.2900
1627636149853000,1,7.29693424,115.0700
1627636149853000,1,8.68207408,115.0700
1627636149853000,1,3.40230571,115.0700
1627636172409000,1,18.00000000,115.1000
1627636172409000,1,5.00000000,115.1000
1627636172409000,1,140.59678260,115.0900
1627636180576000,1,1.00000000,115.0500
1627636180576000,1,1.50000000,115.0400
1627636211843000,0,0.50000000,115.0400
1627636239312000,0,0.42917884,114.9200
1627636245397000,0,31.00000000,114.9500
1627636245466000,0,6.00000000,114.9500
1627636267434000,0,2.51606504,115.1000
1627636328292000,0,0.89776535,115.1000
1627636330235000,1,0.31800073,114.9900
1627636340868000,1,0.19800000,114.9900
1627636340968000,1,6.74468556,114.9900
1627636351074000,1,0.04197895,114.9900
1627636351337000,1,8.69200000,114.9700
1627636352215000,0,0.59526851,115.0100
1627636389728000,0,1.33200000,115.1000
1627636432026000,1,0.26900000,115.0500
1627636453171000,1,0.49000000,115.0700
1627636454282000,0,0.00002965,115.1000
1627636510373000,1,4.64640000,114.9800
1627636510388000,1,0.00006025,114.9800
1627636590339000,1,1.18340000,115.0600
1627636590345000,1,6.11350000,115.0600
1627636590361000,1,0.00003516,115.0600
1627636590361000,1,8.68716484,115.0500
1627636774880000,0,1.70000000,115.2800
1627636774971000,0,24.97000000,115.2800
1627636791353000,1,5.05000000,115.1600
1627636816422000,1,0.31679007,115.0100
1627636867548000,1,0.31698264,114.9400
1627636873781000,1,1.13776549,114.8900
1627636905224000,0,2.44001990,114.9800
1627636938356000,1,0.30200000,114.8000
1627636958839000,1,0.26200000,114.8900
1627636961812000,0,0.33754847,115.0300
1627637053763000,1,21.94150000,114.8200
1627637053763000,1,7.31366722,114.8200
1627637107028000,1,0.28518681,114.7300
1627637107861000,1,0.00000001,114.7300
1627637119227000,0,3.85162837,114.7000
1627637119439000,0,3.85162837,114.7000
1627637164670000,0,50.00000000,114.8200
1627637219403000,0,2.34592947,114.8500
1627637232073000,1,0.31809210,114.7100
1627637264875000,1,3.50930000,114.5400
1627637271118000,1,0.00002319,114.5400
1627637290206000,1,3.81006308,114.3400
1627637294926000,1,4.59105493,114.2600
1627637338994000,0,3.85782099,114.3300
1627637353311000,1,1.99040000,114.2700
1627637373577000,1,0.31934201,114.2000
1627637374859000,0,35.85366000,114.3400
1627637374933000,0,27.14634000,114.3400
1627637402549000,0,7.34248247,114.4900
1627637402549000,0,2.12751753,114.4900
1627637417574000,1,18.00000000,114.4700
1627637417574000,1,2.65222216,114.4700
1627637426426000,0,3.94755226,114.6300
1627637470474000,0,36.00000000,114.8500
1627637485428000,0,0.25448854,114.9400
1627637648604000,1,1.77802430,114.9000
1627637818066000,1,0.31808128,114.7500
1627637902282000,0,4.00000000,114.8900
1627638041159000,0,6.69486699,114.7600
1627638047926000,0,0.38808899,114.7600
1627638243647000,0,8.55424518,114.6700
1627638285286000,0,5.10336623,114.7600
1627638295729000,1,0.91671499,114.6200
1627638308671000,1,0.88994260,114.6200
1627638328147000,0,0.30472063,114.6100
1627638371442000,0,0.84592994,114.9100
1627638382156000,1,0.31836713,114.8000
1627638499528000,0,4.21401251,115.0400
1627638604858000,1,0.50539002,114.8400
1627638637088000,1,0.77149000,114.8900
1627638647745000,1,7.31039076,114.9100
1627638647745000,1,6.51047024,114.8600
1627638681142000,0,3.73003042,115.0500
1627638738638000,1,0.30494149,114.9300
1627638739660000,0,1.18000000,115.0500
1627638760390000,1,1.67900000,114.9500
1627638769349000,1,0.99887000,114.9700
1627639034558000,1,1.26446879,115.0400
1627639080288000,0,0.70374816,115.2100
1627639122167000,0,49.00000000,115.2000
1627639122263000,0,120.45530000,115.2300
1627639122283000,0,23.79410000,115.2300
1627639122357000,0,1.75700473,115.2500
1627639122441000,0,8.68040273,115.2800
1627639122441000,0,0.00498259,115.2900
1627639122472000,0,7.68947271,115.3000
1627639122472000,0,62.70896236,115.3000
1627639122472000,0,21.70140656,115.3100
1627639123010000,0,15.00000000,115.3600
1627639124910000,0,14.02000000,115.5000
1627639125551000,0,14.75030096,115.5000
1627639125924000,0,83.85366000,115.5000
1627639125987000,0,29.00000000,115.5000
1627639126016000,0,16.67603904,115.5000
1627639129997000,0,18.00000000,115.6400
1627639136030000,0,7.46870887,115.8500
1627639142616000,1,1.40920000,115.6300
1627639142671000,1,0.00002736,115.6300
1627639200521000,1,21.78300000,115.5100
1627639210723000,1,0.72831380,115.3400
1627639276702000,1,3.98985855,115.1600
1627639291333000,1,3.30880000,115.1600
1627639291455000,1,1.54362400,115.1500
1627639291455000,1,8.67904600,115.1500
1627639291483000,1,0.00001015,115.1500
1627639291664000,1,21.86040000,115.1400
1627639302483000,0,1.34802205,115.1800
1627639366925000,0,0.83550758,115.1900
1627639522111000,1,0.31742005,115.1000
1627639580280000,1,7.30111966,115.1300
1627639580280000,1,17.84828624,115.1200
1627639710032000,1,0.88988000,115.0900
1627639722390000,0,7.30643956,115.1800
1627639734741000,1,8.68250000,115.0900
1627639755938000,1,0.18250434,115.0800
1627639782677000,0,2.00862162,115.1800
1627639787090000,1,1.41348965,115.0500
1627639787090000,1,1.42389177,115.0400
1627639843066000,1,7.30720000,115.0800
1627639909363000,0,8.61367453,115.1400
1627639920248000,0,0.80507444,115.1500
1627639971231000,0,0.25294150,115.1500
1627639979893000,1,0.00007331,115.0800
1627639979893000,1,1.88725260,115.0200
1627639987677000,1,1.86590000,115.0300
1627639987677000,1,5.42498683,115.0200
1627639987677000,1,2.00911317,115.0200
1627640198081000,0,0.50540020,115.0200
1627640234663000,1,0.98940297,114.9400
1627640238987000,0,0.84233367,115.0700
1627640367495000,1,1.45269242,114.9600
1627640459469000,1,0.29122000,115.1400
1627640470083000,1,0.53031158,115.1200
1627640479487000,1,4.38410000,115.1500
1627640479490000,1,0.00000768,115.1500
1627640866661000,0,0.25747066,115.6300
1627640903258000,1,0.34293870,115.4000
1627640903502000,1,1.29100000,115.4000
1627641000275000,0,2.56987108,115.5500
1627641047932000,1,0.37526489,115.4300
1627641089215000,0,3.69568705,115.5700
1627641207076000,1,0.86973900,115.5900
1627641354338000,0,0.21498962,115.6800
1627641391403000,1,0.57700000,115.5700
1627641406148000,1,0.38576090,115.5100
1627641553562000,1,2.05223930,115.5700
1627641564975000,1,7.27133330,115.5700
1627641565127000,1,7.27000000,115.5700
1627641600234000,0,3.85114108,115.6300
1627641624674000,1,2.58900000,115.4600
1627641716913000,1,8.64095000,115.6000
1627641722925000,0,0.49758629,115.6900
1627641766089000,1,2.05254984,115.6300
1627641806268000,0,51.00000000,115.8000
1627641876883000,1,2.05024187,115.7600
1627641911461000,0,0.37862770,115.8000
1627642016842000,0,4.30779860,115.7900
1627642065983000,1,4.00000000,115.7000
1627642074291000,1,0.21464500,115.6500
1627642111802000,1,0.19200000,115.7000
1627642122294000,0,8.69615411,115.7900
1627642123515000,1,16.09624000,115.7000
1627642152384000,1,0.00000546,115.7000
1627642190272000,0,8.10000000,115.6900
1627642190327000,0,22.85000000,115.6900
1627642190374000,0,23.05000000,115.6900
1627642205769000,0,0.25718157,115.7500
1627642287137000,0,3.00299972,115.7200
1627642320231000,0,1.02686365,115.7300
1627642329366000,1,8.63000000,115.6600
1627642345591000,1,2.36461759,115.6300
1627642387321000,0,0.40832901,115.7400
1627642388207000,1,0.70616480,115.6100
1627642447933000,1,0.90389420,115.5300
1627642552908000,0,5.05120000,115.5900
1627642552908000,0,18.00000000,115.6000
1627642552908000,0,7.27560337,115.6400
1627642552908000,0,4.09918736,115.6500
1627642555864000,0,0.99565617,115.6200
1627642597506000,0,2.83291945,115.5800
1627642647962000,0,3.31000000,115.5600
1627642690669000,0,64.00000000,115.6100
1627642822881000,1,8.65561711,115.4700
1627642822881000,1,2.60934627,115.4600
1627642877848000,0,49.00000000,115.4900
1627642986617000,1,16.61550000,115.4600
1627643010899000,1,0.00005373,115.4600
1627643115822000,1,0.25900000,115.3300
1627643165721000,1,8.65382259,115.4400
1627643165721000,1,0.12582678,115.4300
1627643287382000,1,4.42156240,115.4000
1627643317366000,1,0.31020000,115.4000
1627643331115000,0,4.26899774,115.5400
1627643429434000,1,0.30266344,115.4600
1627643510515000,1,2.05264206,115.4900
1627643519784000,0,0.82823266,115.5600
1627643578992000,0,0.29405142,115.5200
1627643622500000,0,18.00000000,115.5100
1627643622500000,0,7.28043631,115.5200
1627643622500000,0,2.59715409,115.5200
1627643740280000,0,47.00000000,115.5900
1627643852112000,1,0.80760000,115.4900
1627643875008000,1,2.11830772,115.4300
1627643918757000,0,0.81945139,115.5000
1627644006489000,0,1.80135856,115.4400
1627644109276000,0,0.75620532,115.4900
1627644244758000,1,7.91152100,115.5600
1627644354271000,0,0.42505016,115.6600
1627644664785000,1,5.09585100,115.6200
1627644682095000,1,1.92800000,115.6600
1627644692597000,0,2.14152733,115.7700
1627644692679000,1,0.41566000,115.6800
1627644692763000,1,0.35040100,115.6800
1627644692844000,1,0.75520532,115.6800
1627644745715000,1,7.25602000,115.8500
1627644783854000,1,0.18878045,115.7600
1627644786259000,1,3.67441087,115.7600
1627644907929000,1,7.26496922,115.7400
1627644908010000,1,8.63630000,115.7100
1627644908017000,1,0.00003317,115.7100
1627644908076000,1,5.00000000,115.6900
1627644908076000,1,16.59230000,115.6800
1627644908124000,1,3.17015535,115.6800
1627644908134000,1,1.82984743,115.6800
1627644908144000,1,1.41487472,115.6600
1627644908165000,1,5.00000000,115.6600
1627644908206000,0,8.63633317,115.6700
1627644908207000,1,18.85400000,115.6300
1627644908207000,1,21.77550000,115.6200
1627644908247000,1,36.33570000,115.6300
1627644908274000,1,18.85400000,115.6300
1627644908343000,1,0.95593376,115.6300
1627644910683000,0,6.69490000,115.4500
1627644917407000,0,29.43306000,115.4500
1627644917477000,0,19.87204000,115.4500
1627644934968000,1,13.37694815,115.3000
1627645199720000,1,0.26850600,115.3400
1627645227067000,0,0.42685040,115.3800
1627645227325000,1,0.40393173,115.2700
1627645269578000,0,0.21551126,115.4000
1627645304386000,1,8.67077000,115.2600
1627645305993000,1,8.67077791,115.2200
1627645315475000,1,1.42000000,115.0400
1627645316234000,1,0.00004762,115.0400
1627645316590000,1,2.12537812,114.9300
1627645316761000,0,21.46950000,115.0400
1627645316788000,0,102.53045238,115.0400
1627645321308000,0,5.00000000,115.1800
1627645378257000,0,10.50158220,115.2300
1627645424151000,0,5.47705186,115.2300
1627645424272000,0,39.52294814,115.2300
1627645523083000,0,18.00000000,115.4100
1627645552878000,0,0.25250294,115.4300
1627645620409000,1,1.73546300,115.3000
1627645631738000,1,0.31950815,115.3000
1627645773495000,1,2.12617768,115.2700
1627645773583000,1,0.22900658,115.2700
1627645787731000,1,4.94291000,115.2700
1627645787838000,1,1.41527000,115.2500
1627645787943000,1,0.00000318,115.2500
1627645787943000,1,8.67272682,115.2400
1627645802764000,1,18.00000000,115.1000
1627645802764000,1,6.05754000,115.0800
1627645845132000,1,0.18232860,115.1000
1627645887480000,0,3.00000000,115.1200
1627645900327000,0,0.83223015,115.1300
1627646170825000,1,7.31609000,114.9800
1627646173905000,1,0.00000761,114.9800
1627646173905000,1,7.31793239,114.9500
1627646184811000,1,6.28522002,114.9200
1627646289393000,1,7.32098899,114.9000
1627646289494000,1,8.69944000,114.8800
1627646307760000,1,0.21479100,114.8600
1627646393889000,0,0.50000000,114.8400
1627646394813000,1,7.33235000,114.7400
1627646394935000,1,0.00000442,114.7400
1627646394935000,1,8.71095558,114.7200
1627646398427000,0,5.00000000,114.8200
1627646398427000,0,1.77027850,114.8200
1627646402733000,1,8.71880000,114.6200
1627646413386000,0,0.25780841,114.8000
1627646431415000,0,2.86580229,114.9300
1627646442305000,1,0.51465223,114.7700
1627646444688000,1,6.81390000,114.7700
1627646448103000,0,6.76333622,114.8600
1627646531879000,1,0.17719600,114.5900
1627646554370000,0,1.40632282,114.7900
1627646557493000,1,1.28051951,114.6900
1627646559937000,0,0.77991639,114.8200
1627646597814000,1,4.80000000,114.8200
1627646635730000,1,0.53000000,114.9500
1627646784003000,1,7.31000000,115.0600
1627646784053000,1,0.00018059,115.0600
1627646836304000,1,0.17168800,114.9800
1627646849102000,1,1.67697000,115.0200
1627646943289000,1,14.98400000,115.1200
1627646959857000,1,1.20223600,115.1500
1627647148032000,0,0.21331410,115.3400
1627647205936000,1,7.29690000,115.2300
1627647283491000,1,7.29260000,115.2900
1627647407815000,0,0.19645136,115.2700
1627647429771000,1,0.72899900,115.1700
1627647448359000,1,0.32645000,115.2000
1627647510417000,1,0.43638000,115.1500
1627647531334000,1,0.00000730,115.1500
1627647531334000,1,0.24010270,115.0700
1627647541181000,1,21.88390000,115.1300
1627647737005000,0,0.25666638,115.2800
1627647774386000,0,7.29849223,115.3000
1627647774386000,0,17.49403016,115.3000
1627647886395000,0,7.79969825,115.3000
1627648205135000,1,1.09400000,115.1800
1627648206966000,1,1.45514503,115.1800
1627648263232000,1,0.21173810,115.0600
1627648307901000,0,0.86708970,115.0400
1627648381779000,0,7.31000000,115.0600
1627648381935000,0,0.00701693,115.0600
1627648400792000,1,0.52144600,115.0400
1627648489185000,0,0.74794493,115.2900
1627648600748000,1,0.99203887,115.0300
1627648721686000,1,4.57883792,115.1700
1627648785179000,1,7.30923515,115.0900
1627648785179000,1,1.56670885,115.0800
1627648807387000,0,0.43086744,115.2500
1627648821447000,0,4.26911000,115.2400
1627648851189000,0,63.00000000,115.3000
1627648883878000,0,8.62310425,115.3900
1627648990664000,1,3.09836268,115.1200
1627648997086000,1,0.49633963,115.0400
1627649147273000,0,7.31271176,115.1400
1627649147273000,0,5.69666812,115.1400
1627649183950000,0,0.22505723,115.2200
1627649202268000,0,4.25424319,115.2800
1627649351299000,1,2.79850000,115.1800
1627649384536000,0,0.90719056,115.2900
1627649391756000,0,1.29464827,115.2900
1627649460184000,1,7.31567000,115.0500
1627649618955000,1,0.38051827,114.9700
1627649651537000,1,7.32034113,114.9800
1627649651537000,1,0.09233395,114.9700
1627649767340000,0,2.05415070,115.1200
1627649829677000,0,0.19876639,115.1100
1627650268540000,0,7.32209926,115.0700
1627650268540000,0,14.67790074,115.0700
1627650599684000,1,6.90476190,114.8800
1627650607927000,1,1.26970000,114.8000
1627650691470000,1,0.23951858,114.7500
1627650691550000,1,0.49000000,114.7500
1627650726865000,0,7.34132530,114.7700
1627650752103000,0,0.74425328,114.7700
1627650814021000,1,0.44668766,114.7200
1627650834656000,1,0.31829708,114.7700
1627651023633000,0,8.70830000,114.9200
1627651191753000,0,0.21599791,115.1400
1627651272591000,0,0.95582197,115.1400
1627651303084000,1,1.33698776,114.9600
1627651771234000,0,0.82091367,115.1400
1627651939169000,1,7.32000000,114.9700
1627652162437000,0,10.81235140,115.0300
1627652162715000,0,72.00000000,115.0300
1627652162759000,0,0.90154860,115.0300
1627652234536000,1,0.31797664,115.0100
1627652259403000,0,7.31514295,115.2000
1627652259403000,0,6.09167641,115.2000
1627652281331000,0,7.31000000,115.2000
1627652288745000,1,8.67905000,115.1300
1627652392850000,0,0.00558256,115.2000
1627652392850000,0,0.83733616,115.2900
1627652397455000,1,0.75215000,115.1800
1627652430731000,0,4.26488980,115.2400
1627652436883000,0,2.00708979,115.2400
1627652447430000,0,0.93462587,115.2400
1627652457888000,1,1.93163367,115.1000
1627652457970000,1,0.37003456,115.1000
1627652603909000,0,0.86675602,115.2100
1627652819156000,0,6.17118032,115.1200
1627652843760000,0,2.87181863,115.1100
1627652864234000,0,7.31956325,115.0600
1627652864234000,0,2.79800134,115.0600
1627652874558000,0,0.36823029,115.0600
1627652880220000,0,6.95133296,115.0600
1627652880220000,0,1.96964448,115.0900
1627652938249000,0,2.85039882,115.0000
1627653071053000,0,2.27883870,115.0800
1627653258635000,1,1.11237675,114.9000
1627653447081000,1,1.80000000,114.8700
1627653480239000,1,4.79950435,114.8700
1627653490888000,1,0.95900000,114.8100
1627653629184000,1,3.41464352,114.8400
1627653890573000,0,0.77660220,115.3100
1627654030214000,0,0.17274305,115.2000
1627654046164000,1,0.35238200,115.1100
1627654078606000,0,0.01334795,115.2000
1627654078606000,0,0.77665205,115.2000
1627654090151000,0,0.00825095,115.2000
1627654090151000,0,0.71319068,115.2700
1627654116720000,0,7.30460000,115.3500
1627654117396000,0,0.00007748,115.3500
1627654117396000,0,35.05332252,115.3900
1627654168649000,0,0.43488589,115.6800
1627654177566000,0,2.00000000,115.7300
1627654330378000,1,0.43637600,115.7400
1627654337612000,1,2.12000000,115.7400
1627654359361000,1,0.48914366,115.7000
1627654361030000,0,0.81602348,115.8300
1627654622845000,0,1.47226519,115.5700
1627654635800000,0,3.76000000,115.6000
1627654740007000,0,7.29000000,115.5200
1627654740189000,0,7.29384754,115.5600
1627654740189000,0,20.90400000,115.5700
1627654740189000,0,36.46863420,115.5800
1627655167425000,1,0.25677791,115.3300
1627655308898000,1,1.10862533,115.4100
1627655447745000,0,1.00000000,115.5600
1627655492139000,1,0.48500000,115.4400
1627655623008000,1,0.55030000,115.3600
1627655764846000,0,1.25956641,115.4500
1627655783746000,1,0.19600000,115.3800
1627655805971000,1,0.00400000,115.3800
1627655844618000,0,0.81984560,115.2900
1627655855584000,0,6.49000000,115.2900
1627655855715000,0,0.00694808,115.2900
1627655942296000,1,0.31755531,115.3400
1627655965585000,0,0.86528000,115.4300
1627655999834000,0,1.68160351,115.4200
1627656004487000,0,0.29829027,115.4200
1627656024362000,1,5.37695343,115.4200
1627656034694000,0,0.82183748,115.5500
1627656146358000,1,0.38100000,115.5200
1627656146437000,1,2.06400000,115.5200
1627656146517000,1,0.25642111,115.5200
1627656146671000,1,0.38500000,115.5200
1627656146749000,1,2.45348021,115.5200
1627656177241000,1,0.17600000,115.5800
1627656589141000,1,0.31642732,115.5200
1627656599593000,1,0.18770000,115.4600
1627656610154000,1,0.23313373,115.4600
1627656610234000,1,0.17600000,115.4600
1627656670996000,1,0.38100000,115.5200
1627656674916000,1,0.38509000,115.5200
1627656704118000,0,0.58810285,115.6800
1627656720294000,0,0.61081988,115.6900
1627656752561000,0,0.71932190,115.7100
1627656817157000,0,0.25730012,115.6900
1627656915079000,1,0.31665945,115.4000
1627657019134000,0,0.29394968,115.6300
1627657070019000,0,1.00000000,115.7900
1627657125544000,0,1.17549364,115.9000
1627657218459000,1,0.43822861,115.7500
1627657453191000,1,0.31743777,115.4600
1627657473624000,0,3.50449513,115.5000
1627657697333000,1,0.31687031,115.5500
1627657929514000,1,0.75503266,115.3800
1627658162691000,1,0.31665018,115.5500
1627658193190000,1,0.26571226,115.5900
1627658330892000,0,0.85712386,115.7900
1627658331901000,0,0.85712386,115.8000
1627658333964000,0,0.85712386,115.8000
1627658334958000,0,0.85712386,115.8000
1627658338066000,0,0.85712385,115.8000
1627658339142000,1,0.44241400,115.7100
1627658384753000,1,0.26400000,115.6900
1627658384833000,1,0.51643072,115.6900
1627658395446000,1,0.97548596,115.6700
1627658497853000,0,3.97959183,115.6400
1627658642290000,1,4.00000000,115.7600
1627658642290000,1,24.50434362,115.7500
1627658859412000,1,5.09900000,115.7600
1627658883046000,0,0.25701880,115.8800
1627658957806000,1,7.28520000,115.7100
1627658957886000,1,0.00005105,115.7100
1627658957886000,1,8.63714895,115.7000
1627659020613000,0,0.21211170,115.9000
1627659032707000,1,0.70797317,115.8100
1627659069157000,1,8.62739000,115.8100
1627659164555000,0,6.63587118,115.9600
1627659255030000,1,0.53169438,115.7400
1627659291409000,0,0.23567539,115.9900
1627659303351000,0,2.00000000,116.0000
1627659396426000,1,0.19900000,115.9200
1627659416865000,1,7.27262653,115.8100
1627659457757000,1,7.27262653,115.9200
1627659459429000,0,0.29942080,116.0300
1627659671473000,1,1.02363000,116.0800
1627659793156000,0,0.52865255,116.2200
1627659810461000,1,0.19200000,116.1100
1627660031732000,1,8.61772584,115.9700
1627660037170000,0,44.50710000,115.9800
1627660050598000,0,38.00000000,116.0900
1627660408768000,1,8.61876311,115.9500
1627660408768000,1,0.11123689,115.9300
1627660425196000,0,0.63783683,115.9900
1627660476264000,0,1.53511417,116.0500
1627660497016000,1,0.36802266,115.9600
1627660540051000,1,0.44043000,116.0600
1627660558027000,1,14.99900000,116.0700
1627660563590000,1,0.21110210,116.0600
1627660861321000,0,2.08529330,116.1400
1627661189181000,0,0.83732107,115.9100
1627661438071000,1,0.27686229,116.0300
1627661438223000,1,0.21900000,116.0400
1627661609343000,1,1.32420909,115.8800
1627661732689000,1,7.28000000,115.7400
1627661763490000,0,8.51355216,115.7500
1627661863956000,1,7.26000000,115.9500
1627662064617000,1,0.33518700,116.1700
1627662064718000,1,0.31799889,116.1700
1627662286365000,1,2.50000000,116.4000
1627662286459000,1,0.25487124,116.4000
1627662320370000,1,4.30130000,116.3300
1627662362978000,1,7.24875897,116.2700
1627662362978000,1,6.01048751,116.2400
1627662445184000,0,0.25578973,116.5500
1627662505832000,1,1.00000000,116.2800
1627662539066000,1,7.25385579,116.2100
1627662614708000,1,5.00000000,116.0600
1627662731036000,1,2.87415137,116.2600
1627662832736000,0,0.40036032,116.5100
1627662892785000,1,0.17500000,116.4300
1627662940507000,1,0.23302785,116.3500
1627662984645000,0,0.26582409,116.4300
1627663042943000,1,0.44947900,116.2700
1627663046768000,1,5.00000000,116.2300
1627663054154000,1,7.25000000,116.2400
1627663054196000,1,0.00265734,116.2400
1627663076000000,1,0.49140071,116.1700
1627663157658000,1,0.22788445,116.2000
1627663325503000,0,18.00000000,116.3300
1627663325503000,0,5.00000000,116.3300
1627663325503000,0,43.00000000,116.3400
1627663325530000,1,0.35000000,116.3400
1627663325558000,1,6.55287089,116.3400
1627663328562000,1,0.48517260,116.2200
1627663328594000,1,0.68084814,116.2200
1627663387974000,1,4.44415524,116.2200
1627663440551000,1,0.48519008,116.1800
1627663443968000,0,0.36271390,116.2900
1627663581965000,1,0.68506086,116.1200
1627663709379000,1,0.26373500,116.1200
1627663837138000,0,1.67046419,116.3300
1627663857760000,0,14.65045122,116.3500
1627664032408000,1,7.24655931,116.3300
1627664032409000,1,8.59387085,116.3000
1627664032409000,1,19.62481912,116.2900
1627664032643000,1,8.59298469,116.2900
1627664032858000,1,21.48320000,116.2800
1627664084140000,0,0.39542680,116.3300
1627664207492000,1,2.77949909,116.3200
1627664207583000,1,0.17500000,116.3200
1627664207660000,1,1.39900000,116.3200
1627664229341000,1,0.63000000,116.3100
1627664308091000,1,2.10422000,116.2300
1627664316740000,0,0.58405951,116.3200
1627664369039000,1,0.45720299,116.2000
1627664369039000,1,0.52819962,116.1800
1627664383908000,0,1.69579153,116.2000
1627664389161000,0,0.20727000,116.1900
1627664714290000,0,0.28226885,116.7700
1627664714290000,0,0.84859083,116.7700
1627664714290000,0,1.13563031,116.7700
1627664714290000,0,1.42344847,116.7700
1627664714290000,0,1.71231501,116.7700
1627664714290000,0,2.00232486,116.7700
1627664714290000,0,2.29352320,116.7700
1627664714290000,0,2.58593658,116.7700
1627664714290000,0,1.09596189,116.7700
1627664714519000,0,1.78362143,116.7700
1627664714519000,0,3.17447762,116.7700
1627664714519000,0,3.17920348,116.7700
1627664714609000,0,0.29142798,116.7700
1627664714609000,0,3.76805557,116.7700
1627664714609000,0,0.27833962,116.7700
1627664734181000,1,4.38374470,116.7600
1627664795837000,0,7.20551913,117.1400
1627664795837000,0,18.00000000,117.1400
1627664795837000,0,4.50000000,117.1500
1627664795837000,0,0.29448087,117.1600
1627664799762000,0,8.54260000,117.1300
1627664800748000,0,4.79448000,117.1400
1627664800748000,0,7.20551913,117.1400
1627664800748000,0,4.81000087,117.1600
1627664811456000,0,7.20376199,117.1600
1627664811456000,0,8.53956131,117.1800
1627664811456000,0,2.98735759,117.1900
1627664815685000,0,0.45931911,117.1600
1627664885226000,0,7.20408288,117.1500
1627664885226000,0,7.91151809,117.1800
1627664885273000,1,0.17500000,117.0300
1627664885357000,1,3.35235053,117.0300
1627664892604000,0,1.54680000,117.1500
1627664931014000,1,2.34592947,117.0400
1627665097551000,1,2.26600000,116.9100
1627665150426000,0,3.75857500,116.9700
1627665395972000,1,0.35690000,116.9200
1627665465696000,0,1.93318523,117.0400
1627665499302000,0,0.41882782,117.0300
1627665782733000,1,0.37903703,116.8800
1627665782733000,1,0.57672797,116.8400
1627665970488000,1,13.00937988,117.0800
1627666103587000,1,1.05822732,117.0300
1627666330674000,0,0.62049906,117.3100
1627666379517000,1,21.56990000,117.1600
1627666456482000,1,0.72844354,117.1200
1627666905912000,1,67.00000000,117.2100
1627667045687000,1,3.00000000,117.2200
1627667059662000,1,0.30800000,117.2200
1627667070382000,1,1.50330000,117.2200
1627667080861000,1,0.25300000,117.2200
1627667080953000,1,0.25300000,117.2200
1627667081040000,1,0.25450000,117.2200
1627667085442000,0,0.56841680,117.3400
1627667091495000,1,1.03019103,117.1900
1627667223293000,1,18.00000000,117.2000
1627667223293000,1,7.19158230,117.1900
1627667223293000,1,16.38842050,117.1800
1627667286250000,0,8.52587000,117.3600
1627667305225000,1,0.21824531,117.4000
1627667416277000,1,2.11049766,117.5700
1627667441663000,1,0.45794400,117.6600
1627667441879000,1,0.69900000,117.6600
1627667456837000,0,54.00000000,117.7900
1627667466852000,1,0.78000000,117.7500
1627667497762000,1,0.66116560,117.6400
1627667590200000,0,0.58349689,117.6700
1627668070737000,0,0.74295248,117.6700
1627668099980000,0,7.17457275,117.5900
1627668099980000,0,2.82542725,117.5900
1627668134198000,1,0.81818824,117.5000
1627668225816000,1,2.08130953,117.4900
1627668317743000,1,2.08113248,117.5600
1627668378287000,1,0.17828153,117.4700
1627668378371000,1,0.25091724,117.4700
1627668544773000,1,8.53000000,117.1300
1627668639239000,1,0.43365298,117.2300
1627668691038000,1,0.69900000,117.3600
1627668791784000,1,0.20137434,117.3300
1627668819527000,0,4.20295911,117.4000
1627669036235000,0,1.00579491,117.5900
1627669083878000,1,0.29942484,117.5200
1627669226883000,1,0.24777790,117.7100
1627669233668000,0,7.16564000,117.7800
1627669479446000,1,2.80805978,117.8000
1627669530498000,1,2.07614026,117.8100
1627669566134000,0,1.50312771,117.8900
1627669601029000,1,1.50000000,117.9100
1627669666493000,1,0.38944389,117.8700
1627669866690000,1,0.25742700,117.9000
1627669991815000,0,0.74677200,117.9800
1627669994782000,1,0.25200000,117.8800
1627670045312000,1,2.60206448,117.9400
1627670050754000,0,4.09350569,118.0400
1627670102061000,0,3.05681923,118.0400
1627670146887000,1,0.31047199,117.9400
1627670167105000,1,0.84834121,117.9500
1627670187250000,0,7.14000000,118.0700
1627670187412000,0,0.00829809,118.0700
1627670216044000,1,0.79900000,117.9500
1627670244483000,0,1.75029655,118.0200
1627670343831000,0,0.57574691,118.0400
1627670344251000,1,7.14802000,117.9600
1627670382235000,1,21.39210000,118.0200
1627670389956000,1,0.31052907,117.9400
1627670490462000,1,4.20281240,117.9400
1627670568150000,0,3.36660000,117.9500
1627670568265000,0,3.75560000,117.9500
1627670601025000,0,0.03385909,117.9500
1627670601025000,0,0.36784211,117.9600
1627670772360000,1,0.90637246,117.8200
1627670793255000,1,0.31081814,117.8200
1627670962722000,0,7.15632000,117.9100
1627671016226000,1,0.42982098,117.9100
1627671094126000,0,2.33344468,118.0000
1627671094637000,0,0.04762132,118.0000
1627671107735000,1,0.31048988,117.9800
1627671120827000,1,0.44063490,117.9700
1627671138202000,1,4.16346771,118.0400
1627671318724000,0,1.85605341,118.0300
1627671342603000,0,0.18285292,118.0400
1627671457315000,1,0.79900000,118.0200
1627671554676000,1,0.31788300,117.9700
1627671572146000,1,3.57432890,117.9600
1627671731411000,1,7.14405168,118.0300
1627671731411000,1,1.41009350,118.0200
1627671737192000,0,2.96308838,118.1500
1627672033009000,1,0.43292700,118.0600
1627672033248000,1,0.34619500,118.0600
1627672065242000,1,1.90000000,118.0600
1627672193675000,0,7.14000000,118.1900
1627672205138000,1,0.49827898,118.1000
1627672247747000,1,0.75320109,118.1000
1627672555076000,1,0.26612554,118.0800
1627672555076000,1,1.67087446,118.0700
1627672556432000,0,7.14000000,118.1800
1627672556601000,1,0.79900000,118.0700
1627672691409000,0,3.65839823,118.1200
1627672739294000,1,19.42750000,118.0600
1627672804497000,1,2.22716950,118.2100
1627672816449000,0,55.00000000,118.3700
1627672816449000,0,7.12000000,118.3900
1627672872637000,0,0.98000000,118.3600
1627672872659000,0,0.00920700,118.3600
1627673250710000,1,7.12204024,118.3700
1627673250710000,1,6.69934958,118.3700
1627673251397000,0,0.40978971,118.4500
1627673312941000,0,0.40961682,118.4700
1627673361975000,1,0.24250000,118.3900
1627673491909000,1,0.54000000,118.3000
1627673533618000,1,8.45065662,118.2600
1627673534359000,0,17.89000000,118.2600
1627673534417000,0,0.00567964,118.2600
1627673589014000,1,1.58719151,118.3400
1627673646105000,0,0.24593611,118.3400
1627673662954000,1,0.74348902,118.1900
1627674113059000,1,0.89900000,118.2000
1627674146620000,0,1.00000000,118.2700
1627674425476000,0,6.80353758,118.3400
1627674451879000,0,0.32572057,118.3400
1627674451879000,0,0.09364288,118.3400
1627674480284000,0,1.00371747,118.3400
1627674494306000,0,0.82034118,118.3400
1627674506261000,0,0.83872691,118.3100
1627674543027000,1,0.45574544,118.2800
1627674605179000,0,1.00000000,118.3500
1627674622504000,0,0.51366985,118.4400
1627674780455000,0,0.52000000,118.5700
1627674813883000,0,0.00977457,118.5700
1627674829649000,1,1.44638800,118.4700
1627674917804000,0,7.11805170,118.5400
1627674919749000,0,50.00000000,118.5900
1627674919749000,0,61.00000000,118.5900
1627675038544000,1,0.42372000,118.5900
1627675068452000,0,37.48000000,118.6200
1627675068538000,0,2.65000000,118.6200
1627675079880000,1,0.00000880,118.5900
1627675179990000,0,2.42000000,118.8600
1627675180040000,0,4.67967065,118.8600
1627675180296000,0,7.09960000,118.8600
1627675181368000,0,2.41032000,118.8600
1627675181368000,0,2.26918000,118.8600
1627675182523000,0,7.20000000,118.8700
1627675188204000,0,0.00966113,118.8700
1627675188204000,0,10.51033887,118.9100
1627675369208000,0,7.08000000,119.0400
1627675369280000,1,4.00000000,118.9400
1627675369287000,0,0.00818039,119.0400
1627675408229000,0,7.09000000,118.9500
1627675467927000,0,0.75000000,118.9600
1627675468040000,0,6.34314767,118.9600
1627675510062000,0,7.09000000,118.9900
1627675510081000,0,0.00065016,118.9900
1627675516353000,0,7.09000000,118.9900
1627675516436000,0,0.00065016,118.9900
1627675516436000,0,35.45162199,119.0400
1627675648107000,1,18.00000000,118.9900
1627675648107000,1,8.40025537,118.9800
1627675648107000,1,6.71703700,118.9800
1627675712688000,0,0.17123815,119.1300
1627675712688000,0,7.06876185,119.2100
1627675712775000,0,0.00878391,119.2100
1627675726695000,0,39.86000000,119.2600
1627675726762000,0,14.70245766,119.2600
1627675764211000,0,0.00006839,119.4400
1627675764468000,0,8.37450800,119.4800
1627675856074000,0,3.00000000,119.7700
1627675856074000,0,8.35421888,119.7700
1627675860553000,1,0.21665233,119.5600
1627675916944000,0,0.47173226,119.5300
1627676002741000,1,0.30608476,119.4400
1627676072402000,1,0.33992531,119.5300
1627676115110000,1,0.30644356,119.4800
1627676118027000,1,6.28824034,119.4600
1627676222422000,0,0.81102146,119.7300
1627676234722000,0,7.04000000,119.8100
1627676251865000,1,0.41668800,119.6700
1627676268094000,1,0.30000000,119.6600
1627676330852000,1,40.00000000,119.4800
1627676351645000,0,7.02700000,119.4500
1627676356009000,0,17.81000000,119.4800
1627676361370000,0,14.44000000,119.4800
1627676361761000,0,67.00000000,119.4800
1627676362192000,0,8.81000000,119.4800
1627676374607000,0,0.00326208,119.4800
1627676459502000,1,0.30623240,119.6600
1627676569999000,1,0.21415278,119.7800
1627676570082000,1,0.38466924,119.7800
1627676643887000,1,7.04209340,119.6500
1627676643887000,1,8.38428576,119.6200
1627676746299000,0,4.11681375,119.6600
1627676857832000,0,3.00000000,119.6800
1627676990454000,0,0.40839265,119.7600
1627677126721000,0,0.65319577,119.7500
1627677147192000,0,3.06853459,119.7100
1627677157668000,1,0.26504328,119.5900
1627677229013000,1,0.69900000,119.5900
1627677349100000,0,7.04000000,119.6400
1627677368863000,1,0.23919123,119.6000
1627677381239000,1,21.11920000,119.4500
1627677398947000,1,0.83764960,119.2100
1627677452438000,0,7.05000000,119.5300
1627677452533000,0,0.00478493,119.5300
1627677458688000,1,0.50000000,119.4800
1627677464030000,1,0.29953349,119.4100
1627677483457000,1,5.45453900,119.4600
1627677723557000,0,1.18813910,119.6300
1627677796609000,0,1.30000000,119.7300
1627677957603000,1,1.38252000,119.5700
1627677959070000,1,0.42727700,119.6100
1627677995162000,1,3.52422107,119.5100
1627677995265000,1,0.35211316,119.5100
1627678169279000,0,10.00000000,120.0000
1627678169279000,0,1.00000000,120.0000
1627678197783000,0,0.71611253,120.6000
1627678197783000,0,0.53962381,120.6000
1627678227875000,0,0.70582134,120.4100
1627678234700000,0,0.63769978,120.3700
1627678234937000,0,7.00260000,120.3200
1627678235035000,0,0.00007091,120.3200
1627678236203000,0,0.45169303,120.4200
1627678250345000,0,6.99000000,120.4100
1627678254156000,1,8.30482000,120.3100
1627678254355000,1,0.00000012,120.3100
1627678254355000,1,8.30508988,120.2900
1627678254510000,1,0.00000613,120.2900
1627678254510000,1,14.99999387,120.2800
1627678254719000,1,8.30480000,120.2900
1627678254721000,1,0.00002012,120.2900
1627678254887000,1,20.76755000,120.2900
1627678254890000,1,0.00000872,120.2900
1627678255805000,1,0.00000613,120.2800
1627678255805000,1,14.99999387,120.2500
1627678256126000,1,0.00000613,120.2500
1627678256381000,1,8.30482012,120.1300
1627678256381000,1,4.50000000,120.1300
1627678256381000,1,0.35000000,120.1300
1627678256381000,1,12.68718673,120.1200
1627678256385000,1,8.08037199,120.1200
1627678256385000,1,17.76163486,120.0800
1627678256396000,1,3.24216514,120.0800
1627678256528000,0,1.25000000,120.0900
1627678256564000,1,19.51755872,120.0900
1627678256564000,1,15.50704128,120.0600
1627678256565000,1,38.48265157,120.0600
1627678257005000,1,8.30482012,119.8900
1627678257005000,1,20.76755872,119.8900
1627678257005000,1,8.32972116,119.8900
1627678258291000,0,9.49990000,119.7900
1627678259668000,0,1.27000000,119.9300
1627678265928000,0,7.16000000,120.2200
1627678275375000,0,20.65000000,120.3900
1627678275440000,0,0.00378332,120.3900
1627678278614000,0,0.48579996,120.5800
1627678278614000,0,0.70862088,120.5900
1627678280336000,0,0.70862000,120.5300
1627678280420000,0,0.00000088,120.5300
1627678280420000,0,0.70862000,120.5800
1627678288367000,0,0.17040130,120.8900
1627678288367000,0,4.22499870,120.9400
1627678288737000,0,0.17045887,120.9400
1627678288737000,0,0.16866251,120.9500
1627678289452000,0,0.30000000,121.0000
1627678289452000,0,1.00000000,121.0000
1627678290398000,0,71.82950000,120.9400
1627678306384000,1,1.25000000,120.8600
1627678306384000,1,0.49520000,120.8600
1627678308941000,1,0.49179943,120.8700
1627678313362000,1,1.99733617,120.9000
1627678313362000,1,17.99999383,120.9000
1627678317704000,1,0.51909000,120.8700
1627678318292000,1,0.48801000,120.8300
1627678318412000,1,28.83304000,120.8100
1627678337076000,0,6.98000000,120.7400
1627678350899000,0,6.98000000,120.7100
1627678357160000,1,0.45244635,120.4200
1627678367396000,0,0.51000000,120.6400
1627678370109000,1,18.00000000,120.4500
1627678372140000,0,5.00000000,120.6900
1627678372140000,0,98.88000000,120.6900
1627678374839000,0,0.00155605,120.7100
1627678374839000,0,3.62572635,120.7500
1627678374864000,0,6.97959740,120.7600
1627678374864000,0,2.52040260,120.7600
1627678379690000,0,0.49000000,120.9500
1627678380961000,1,0.22050016,120.7500
1627678406249000,0,18.00000000,120.6100
1627678406249000,0,4.50000000,120.6100
1627678406249000,0,0.48000000,120.6100
1627678406303000,0,0.00084158,120.6100
1627678406303000,0,165.91240000,120.6200
1627678406303000,0,199.65300000,120.6300
1627678433373000,1,1.44290000,120.0800
1627678433818000,1,0.00000522,120.0800
1627678433966000,1,34.14481849,119.9500
1627678443066000,0,0.51000000,119.7000
1627678447790000,0,0.21601000,119.6700
1627678448202000,0,0.00000505,119.6700
1627678455596000,1,0.59254607,119.8800
1627678461498000,1,6.90865640,119.9000
1627678490742000,0,7.00691451,120.3100
1627678540054000,0,7.00000000,120.3600
1627678540258000,0,0.00228321,120.3600
1627678540258000,0,35.01771679,120.3700
1627678575226000,1,20.98380000,120.0700
1627678607583000,0,7.03051973,119.9100
1627678627416000,1,1.44030000,119.6800
1627678682640000,0,12.85627000,119.8900
1627678752919000,0,0.24267800,120.1000
1627678764225000,1,0.22467100,119.9800
1627678784247000,1,2.10178798,119.9400
1627678784330000,1,0.17511674,119.9500
1627678801335000,0,7.01887346,120.0900
1627678801335000,0,35.10676685,120.1300
1627678801335000,0,0.35000000,120.1300
1627678815403000,0,2.07140000,120.2600
1627678815403000,0,2.72943463,120.2700
1627678815690000,0,0.54866681,120.2600
1627678815797000,0,1.44025039,120.2600
1627678837348000,0,7.00000000,120.3200
1627678882220000,0,0.00257822,120.3700
1627678882220000,0,0.99742178,120.4400
1627678884881000,1,0.50710354,120.2800
1627678891117000,1,7.00069886,120.2400
1627678910091000,0,8.30647573,120.4700
1627678910091000,0,31.28339249,120.4800
1627678930575000,0,0.73424128,120.4900
1627678939177000,1,2.96308838,120.3500
1627678956655000,1,6.99559115,120.3400
1627678956891000,1,34.03000000,120.3100
1627678958563000,1,44.00000000,120.1600
1627678999070000,1,7.00861624,120.0900
1627678999070000,1,8.31138376,120.0900
1627679089005000,1,6.99000000,120.3800
1627679170322000,1,6.99423614,120.3600
1627679170322000,1,8.30537191,120.3400
1627679206905000,1,6.98807628,120.4600
1627679227217000,1,6.98807000,120.4600
1627679236601000,1,0.00000628,120.4600
1627679236601000,1,14.03767166,120.4600
1627679245540000,1,6.98700004,120.4800
1627679267081000,1,5.09908980,120.5300
1627679283357000,1,1.88493614,120.5300
1627679299099000,1,0.35033439,120.5100
1627679380509000,1,0.54819783,120.5300
1627679383822000,1,19.91000000,120.4800
1627679421985000,0,0.71229400,120.6000
1627679491794000,1,5.86068000,120.7300
1627679496260000,1,0.00000085,120.7300
1627679496815000,0,0.24900000,120.7300
1627679496884000,0,0.00099915,120.7300
1627679596686000,0,6.96862905,120.9500
1627679634620000,0,6.97265933,120.8500
1627679635023000,0,6.97000000,120.8500
1627679636836000,1,0.51900000,120.7300
1627679662075000,0,0.00265933,120.8500
1627679662075000,0,6.96734067,120.8900
1627679702119000,1,8.94000000,120.6900
1627679721646000,1,0.21551126,120.8000
1627679721667000,1,8.05264147,120.8000
1627679740781000,1,8.28116201,120.6500
1627679740781000,1,6.96883799,120.6500
1627679741045000,1,0.00460480,120.6500
1627679741045000,1,0.99539520,120.6400
1627679744230000,0,3.29841099,120.7700
1627679757823000,0,1.00000000,120.7200
1627679765438000,1,0.00460480,120.6400
1627679767427000,1,6.98000000,120.4800
1627679767483000,1,0.00308140,120.4800
1627679768732000,1,0.44524207,120.4200
1627679860428000,1,12.99000000,120.7000
1627679871395000,1,0.00370339,120.7000
1627679926519000,1,1.58000000,120.5800
1627679926571000,1,5.39791617,120.5800
1627679926730000,1,6.97000000,120.5800
1627679928641000,1,6.97000000,120.5300
1627680003140000,1,3.47000000,120.4100
1627680003198000,1,6.53000000,120.4100
1627680003198000,1,6.98731893,120.4000
1627680003273000,1,8.30220008,120.3500
1627680003273000,1,11.68784471,120.3300
1627680003926000,0,18.00000000,120.5300
1627680003926000,0,20.94440000,120.5500
1627680003926000,0,2.32857149,120.5600
1627680043739000,0,0.24169126,120.7000
1627680128196000,0,6.97260258,120.8100
1627680128196000,0,34.87271759,120.8200
1627680144624000,1,34.85287093,120.6700
1627680144682000,1,5.00000000,120.6600
1627680228939000,1,0.22100000,120.5100
1627680240239000,1,6.98476582,120.4500
1627680240239000,1,5.42572247,120.4500
1627680316323000,0,0.35000000,120.6500
1627680316323000,0,0.35000000,120.6600
1627680358809000,0,0.18450795,120.7500
1627680391653000,0,0.81321288,120.6800
1627680408387000,1,0.25931846,120.5200
1627680489913000,0,1.50000000,120.7200
1627680677660000,0,6.97000000,120.8000
1627680677664000,0,0.00294087,120.8000
1627680720311000,1,0.93818177,120.7300
1627680738441000,1,0.28076000,120.7300
1627680808599000,0,0.32634805,120.8200
1627680822851000,1,0.41470715,120.6900
1627680827036000,1,6.55000000,120.6900
1627680827122000,1,0.00496651,120.6900
1627680915824000,1,0.51719884,120.6200
1627680933401000,1,3.98000000,120.6200
1627680953551000,1,38.00000000,120.5800
1627680987611000,1,2.10646431,120.5700
1627681118030000,0,6.97000000,120.6600
1627681118081000,0,0.00826044,120.6600
1627681149965000,0,6.97000000,120.7900
1627681151570000,0,0.00232194,120.7900
1627681158773000,1,4.30000000,120.7400
1627681162730000,1,57.00000000,120.7900
1627681170738000,0,0.00292933,120.8900
1627681197124000,1,6.95000000,120.8600
1627681197181000,1,0.00794919,120.8600
1627681197911000,1,40.00000000,120.8500
1627681348607000,1,36.00000000,120.9800
1627681350159000,1,0.41954300,120.9600
1627681358610000,1,0.18700000,120.9600
1627681389027000,1,6.34694000,120.9600
1627681389261000,1,51.00000000,120.9200
1627681408049000,0,20.86660000,120.9400
1627681422972000,0,0.28062253,121.0400
1627681433652000,1,6.95000000,120.9400
1627681433744000,1,0.00501385,120.9400
1627681457343000,1,6.95000000,121.0100
1627681480433000,0,0.24113100,121.1200
1627681490287000,1,0.00136159,121.0100
1627681490287000,1,6.94863841,121.0100
1627681490336000,1,0.00272318,121.0100
1627681491509000,1,32.50000000,120.9800
1627681491597000,1,18.50000000,120.9800
1627681513668000,0,1.00000000,121.2100
1627681513668000,0,1.99999999,121.2100
1627681513747000,0,0.00000001,121.2100
1627681513747000,0,1.00000000,121.2200
1627681515649000,0,1.29169125,121.2400
1627681515734000,0,0.00000001,121.2400
1627681527530000,1,47.42000000,121.1300
1627681546024000,0,6.94154000,121.3300
1627681577660000,0,6.93000000,121.4800
1627681616634000,1,35.00000000,121.2600
1627681642775000,1,0.71599400,121.1100
1627681656988000,1,0.90719056,121.1200
1627681680302000,1,1.10993098,121.1900
1627681681887000,0,0.40032731,121.3100
1627681701425000,0,1.00000000,121.3800
1627681749100000,0,1.53000000,121.5000
1627681755927000,1,51.00000000,121.4900
1627681756140000,1,1.00000000,121.4900
1627681758183000,1,61.00000000,121.4300
1627681760901000,1,0.25000000,121.3200
1627681784407000,0,26.34633000,121.3200
1627681784476000,0,0.00000626,121.3200
1627681859302000,1,36.00000000,121.3700
1627681859392000,1,11.07000000,121.3200
1627681914299000,1,41.00000000,120.6800
1627681950365000,1,6.96000000,120.7900
1627681960742000,1,0.00224665,120.7900
1627681965416000,0,3.42903686,120.7600
1627681965422000,0,4.86201212,120.7600
1627681965422000,0,0.35000000,120.7600
1627681966748000,0,5.00000000,120.9800
1627681966748000,0,47.00000000,120.9900
1627681968023000,0,4.50000000,120.9600
1627681968023000,0,0.50000000,120.9700
1627681968566000,0,5.00000000,120.9700
1627681968754000,0,39.35110000,120.9700
1627681968813000,0,7.64890000,120.9700
1627681968872000,0,5.00000000,120.9700
1627681972538000,1,3.33502064,120.7600
1627681979112000,1,19.78404715,120.6900
1627681979114000,1,8.66956702,120.6900
1627681979195000,1,20.54638583,120.6900
1627681979382000,1,0.51694743,120.4900
1627681979382000,1,6.55000000,120.4900
1627681979382000,1,8.28390603,120.4800
1627681979382000,1,20.70632531,120.4600
1627682007370000,1,0.35000000,120.6700
1627682007370000,1,0.07237569,120.6300
1627682018561000,0,0.82326658,120.8600
1627682039064000,0,6.97092337,120.8200
1627682039385000,0,8.28075000,120.8500
1627682039473000,0,0.00000057,120.8500
1627682039612000,0,20.69887848,120.8700
1627682092582000,1,4.90000000,120.7300
1627682092606000,1,0.10000000,120.7300
1627682101499000,1,6.96000000,120.7900
1627682102037000,1,0.00462365,120.7900
1627682102037000,1,4.50000000,120.7800
1627682102037000,1,44.98990753,120.7700
1627682110073000,0,0.48620611,120.9100
1627682144671000,1,0.48000000,120.7200
1627682176687000,1,6.96000000,120.6900
1627682216135000,0,1.15000000,120.8500
1627682241562000,1,6.34000000,120.8000
1627682241568000,1,14.15000000,120.8000
1627682241651000,1,29.51000000,120.8000
1627682313612000,0,0.92648699,120.8400
1627682371447000,1,0.69900000,120.7000
1627682451889000,1,46.00000000,120.9400
1627682475084000,0,0.22026920,121.0200
1627682517883000,1,1.50000000,120.8500
1627682544831000,1,18.94000000,120.8500
1627682642618000,1,7.02000000,120.9600
1627682687898000,1,37.00000000,121.1500
1627682705211000,0,5.00000000,121.3000
1627682707804000,1,1.50000000,121.2100
1627682751117000,1,6.93140000,121.3500
1627682751227000,1,46.00000000,121.3400
1627682782334000,0,3.21109240,121.3400
1627682800775000,1,6.93000000,121.2000
1627682800806000,1,0.00917029,121.2000
1627682805037000,1,34.00000000,121.1600
1627682966638000,0,0.49249298,121.2200
1627683009211000,1,1.41135000,121.0500
1627683017424000,1,1.22169250,121.1100
1627683103046000,0,0.65183800,121.5000
1627683168854000,0,20.80820000,121.4000
1627683169370000,0,8.24076211,121.4500
1627683245037000,1,0.16580000,121.3400
1627683289982000,1,6.76727000,121.3400
1627683336196000,1,37.10836000,121.1300
1627683336221000,1,23.89164000,121.1300
1627683351688000,1,1.40641141,120.8400
1627683387762000,1,20.68020000,120.5700
1627683387918000,1,0.00008944,120.5700
1627683389005000,1,53.77250000,120.4900
1627683392595000,1,0.00008884,120.4900
1627683430455000,1,2.10185420,120.6100
1627683430619000,1,1.27012730,120.6100
1627683452996000,1,6.97000000,120.5600
1627683514109000,1,0.67489200,120.5700
1627683514135000,1,1.88137100,120.5700
1627683514621000,1,0.42142500,120.5700
1627683520818000,1,2.00000000,120.6100
1627683525057000,1,39.00000000,120.5800
1627683525057000,1,6.97000000,120.5800
1627683540015000,1,0.00567122,120.5800
1627683540015000,1,0.00644061,120.5600
1627683540089000,1,6.97738958,120.5500
1627683540089000,1,0.35000000,120.5500
1627683540089000,1,34.88251629,120.5400
1627683561278000,1,33.00000000,120.6800
1627683570665000,1,34.00000000,120.6700
1627683570665000,1,0.35000000,120.6700
1627683611258000,0,20.86690000,120.8800
1627683624020000,1,60.00000000,120.9200
1627683681703000,1,56.00000000,121.1200
1627683749885000,1,24.51682000,121.2000
1627683749936000,1,16.48318000,121.2000
1627683759644000,1,13.61000000,121.1300
1627683759661000,1,38.39000000,121.1300
1627683759877000,1,34.27309901,121.1000
1627683759877000,1,6.94690099,121.0900
1627683802812000,1,6.95000000,120.9700
1627683814154000,1,42.00000000,121.0100
1627683818403000,1,6.95000000,121.0300
1627683831064000,1,0.00177912,121.0300
1627683831064000,1,6.94822088,121.0300
1627683831133000,1,0.00355824,121.0300
1627683831133000,1,37.00000000,121.0100
1627683831321000,1,0.00410560,120.9700
1627683831321000,1,34.76302902,120.9700
1627683834150000,1,0.19322793,120.9300
1627683854610000,0,0.25258289,121.2300
1627683865445000,1,54.00000000,121.1200
1627683869283000,0,0.24075230,121.1900
1627683892038000,1,19.00000000,120.9400
1627683892097000,1,21.51682000,120.9400
1627683916012000,0,8.25988000,121.1500
1627683922272000,0,0.00000911,121.1500
1627683942907000,1,47.00000000,121.1400
1627684018204000,1,32.41000000,121.0900
1627684018266000,1,11.59000000,121.0900
1627684025814000,0,0.64099945,121.1400
1627684029361000,0,6.95000000,121.1700
1627684035246000,1,0.75150726,121.1300
1627684043384000,1,42.00000000,121.1300
1627684075769000,1,1.17843700,121.0600
1627684134216000,0,0.28041412,121.2100
1627684141433000,0,6.66890000,121.2100
1627684167736000,1,43.00000000,121.2500
1627684179211000,1,51.00000000,121.1600
1627684213815000,1,0.63217090,121.1000
1627684244228000,1,47.00000000,121.2200
1627684305544000,1,57.00000000,121.2300
1627684305544000,1,5.66478884,121.2300
1627684307818000,1,0.72888240,121.2100
1627684320308000,1,2.56987108,121.2100
1627684358889000,1,6.94668397,121.1500
1627684358889000,1,15.83331603,121.1500
1627684358941000,1,40.16668397,121.1500
1627684361647000,1,0.30686198,121.1200
1627684451572000,0,4.10540629,121.3400
1627684478106000,1,30.78000000,121.2300
1627684478364000,1,13.22000000,121.2300
1627684568686000,1,2.43076716,121.3200
1627684572401000,1,30.56920000,121.3200
1627684577770000,0,0.78160033,121.3500
1627684588954000,1,4.76000000,121.2100
1627684593579000,1,4.10540629,121.2100
1627684671147000,0,20.78010000,121.3700
1627684671540000,0,8.24336000,121.4000
1627684671899000,0,18.00000000,121.4300
1627684685963000,0,5.84162000,121.5000
1627684706973000,1,3.79284097,121.6200
1627684707246000,1,3.79284097,121.6200
1627684714364000,1,6.92305407,121.5800
1627684714590000,1,6.92000000,121.5800
1627684715229000,1,16.12496000,121.5500
1627684715315000,1,16.87504000,121.5500
1627684721753000,0,4.42870000,121.6900
1627684721893000,0,0.35400000,121.7000
1627684721893000,0,0.57669458,121.7400
1627684740509000,1,34.00000000,121.8900
1627684740559000,1,26.00000000,121.8900
1627684740559000,1,6.90292000,121.8900
1627684741133000,1,26.72770000,121.8300
1627684741188000,1,2.58143000,121.8300
1627684741216000,1,24.69087000,121.8300
1627684802282000,1,6.90000000,121.9100
1627684811546000,0,0.41610906,121.9800
1627684812029000,1,3.74724694,121.9900
1627684827539000,0,8.19255000,122.1500
1627684899988000,1,0.44076120,122.0100
1627684901728000,1,0.41056900,122.0500
1627684901746000,1,0.17483000,122.0500
1627684907659000,1,0.42380200,122.0600
1627684932508000,1,0.98406400,122.0800
1627684939494000,0,8.18973989,122.2100
1627684939494000,0,20.47405011,122.2100
1627684940849000,1,1.11143645,122.1700
1627684940928000,1,0.36838427,122.1700
1627684948444000,1,6.88960000,122.1700
1627684948463000,1,59.00000000,122.1600
1627684952750000,0,1.00000000,122.2300
1627684980422000,1,8.17942000,122.1400
1627685018070000,1,20.00000000,121.9900
1627685018106000,1,10.09005289,121.9900
1627685018124000,1,4.90994711,121.9900
1627685018257000,1,3.74720000,121.9600
1627685024652000,1,8.20371000,121.5800
1627685042174000,1,7.32528156,121.3100
1627685058041000,0,6.94597000,121.3400
1627685058187000,0,8.24742000,121.3600
1627685058467000,0,8.24423471,121.3700
1627685059012000,0,8.24251119,121.4100
1627685059012000,0,17.53968881,121.4200
1627685059159000,0,20.79470000,121.4500
1627685059287000,0,8.24130542,121.4400
1627685059287000,0,12.36061458,121.4600
1627685066016000,0,8.23601000,121.5000
1627685066420000,0,8.23533000,121.5100
1627685067169000,0,8.23316000,121.5400
1627685340118000,1,51.00000000,121.7800
1627685376516000,0,1.55420000,121.8100
1627685384068000,1,0.31701749,121.7500
1627685384148000,1,2.01068967,121.7500
1627685390101000,1,6.91000000,121.7400
1627685454618000,1,1.10419370,121.7700
1627685496029000,1,50.00000000,121.7500
1627685496029000,1,42.00000000,121.7400
1627685582896000,1,4.83993600,121.6100
1627685638666000,1,6.92027898,121.6400
1627685638666000,1,43.99972102,121.6400
1627685638720000,1,0.00027898,121.6400
1627685648767000,0,8.22300000,121.6900
1627685665661000,1,0.20000000,121.6500
1627685699860000,1,6.92000000,121.5900
1627685735786000,1,3.32783132,121.5400
1627685776259000,1,2.00966026,121.5400
1627685784921000,0,8.21976000,121.7500
1627685802573000,1,53.32697000,121.7800
1627685804706000,1,1.67000000,121.7800
1627685804764000,1,0.00303000,121.7800
1627685831298000,0,8.21770000,121.7700
1627685844725000,0,8.21746000,121.7900
1627685856502000,1,39.40000000,121.6900
1627685856807000,1,13.60000000,121.6900
1627685898562000,0,8.21710000,121.7800
1627685940756000,1,7.32520000,121.6500
1627685946986000,0,8.22160000,121.7100
1627685950668000,1,46.67000000,121.6500
1627685980752000,0,0.18249207,121.6800
1627685989108000,1,46.00000000,121.5100
1627686002313000,0,8.23570000,121.5500
1627686002332000,0,0.00003982,121.5500
1627686004817000,0,8.22747000,121.6300
1627686037974000,1,18.00000000,121.7400
1627686037974000,1,15.52341951,121.7300
1627686062995000,1,34.00000000,121.9800
1627686065906000,1,40.00000000,121.9200
1627686065960000,1,7.00000000,121.9200
1627686086323000,1,0.69420400,121.8800
1627686086763000,1,2.44422600,121.8800
1627686103718000,1,17.81760000,121.8300
1627686134030000,1,51.00000000,121.7600
1627686163971000,0,0.21229279,121.8600
1627686207343000,1,1.69426751,121.7700
1627686318126000,1,48.00000000,121.8600
1627686345171000,0,0.25978600,121.8800
1627686390410000,0,1.85747524,121.8700
1627686496810000,1,1.42000000,121.7100
1627686510405000,1,0.00925342,121.7100
1627686511423000,0,0.30872326,121.7100
1627686511423000,0,2.01529808,121.7400
1627686528294000,0,4.90600000,121.7400
1627686542825000,0,0.00006386,121.7400
1627686542825000,0,6.92053614,121.7500
1627686554507000,1,9.05000000,121.7100
1627686554606000,1,29.95000000,121.7100
1627686555834000,1,1.42516660,121.6700
1627686555834000,1,22.35483340,121.6500
1627686590889000,0,6.92417089,121.6900
1627686602089000,0,0.00006485,121.7500
1627686648922000,1,34.00000000,121.9200
1627686653830000,0,0.65859500,121.9600
1627686745607000,1,1.43000000,121.9400
1627686748429000,0,1.09898760,121.9800
1627686760349000,0,1.43623830,121.9600
1627686762609000,0,8.20420000,121.9800
1627686762656000,0,0.00009008,121.9800
1627686771586000,1,47.00000000,122.0100
1627686860321000,1,16.56000000,122.0100
1627686913666000,1,34.00000000,122.0100
1627686977662000,1,31.15000000,121.9500
1627686977705000,1,26.85000000,121.9500
1627686977813000,1,11.15000000,121.9300
1627686977939000,1,27.85000000,121.9300
1627687041001000,1,7.00000000,121.8000
1627687090978000,1,49.00000000,121.5800
1627687103404000,0,62.34060000,121.5600
1627687117702000,1,57.00000000,121.5800
1627687151600000,1,19.00000000,121.6000
1627687205608000,1,33.00000000,121.6300
1627687221153000,1,33.32000000,121.5100
1627687287367000,1,13.76616000,121.6000
1627687367686000,1,3.45916065,121.5500
1627687367772000,1,0.31406409,121.5500
1627687391558000,0,6.92510625,121.6700
1627687391558000,0,6.23245332,121.7000
1627687395597000,0,6.92260000,121.7100
1627687396865000,0,0.00007823,121.7100
1627687421143000,1,13.15000000,121.7700
1627687427547000,1,0.00167939,121.7700
1627687427547000,1,6.14832061,121.7200
1627687427649000,1,27.85167939,121.7200
1627687476416000,1,42.00000000,121.7100
1627687543291000,1,26.00000000,121.5300
1627687546759000,0,0.30897927,121.6100
1627687547021000,1,33.00000000,121.4700
1627687547048000,1,6.92853177,121.4600
1627687610983000,1,21.00000000,121.5400
1627687611016000,1,37.00000000,121.5400
1627687645033000,1,0.41344409,121.5400
1627687645037000,1,0.00000001,121.5400
1627687729840000,1,0.22264729,121.4500
1627687793461000,0,6.93750000,121.4600
1627687794014000,0,0.00009316,121.4600
1627687853577000,1,51.00000000,121.3300
1627687873090000,1,0.64900000,121.3100
1627687881151000,1,0.42513030,121.3000
1627687955423000,0,8.21045596,121.8700
1627687955490000,0,8.21949335,121.8900
1627687955504000,0,34.59530000,121.9000
1627687959583000,1,7.00009000,121.9700
1627687969932000,1,36.00000000,121.9400
1627687988452000,1,54.00000000,121.9200
1627687988537000,1,2.15395124,121.8500
1627687988671000,1,4.75395256,121.8500
1627688010085000,0,8.20694000,121.9200
1627688030256000,0,0.00000636,121.9200
1627688059130000,1,8.20694000,121.9900
1627688059263000,1,25.32000000,121.9900
1627688059335000,1,14.47306000,121.9900
1627688081690000,1,0.19900000,122.0200
1627688116138000,0,3.00000000,122.1900
1627688118639000,1,52.00000000,122.0900
1627688206580000,1,3.74585127,122.1200
1627688210647000,1,1.63983365,122.1600
1627688239433000,1,41.00000000,122.2300
1627688255644000,1,6.89000000,122.1700
1627688260076000,1,8.52000000,122.1300
1627688420791000,1,0.23714900,122.2500
1627688440569000,1,0.26223000,122.1900
1627688543820000,1,0.32636741,122.0300
1627688563753000,1,0.23071700,122.0300
1627688582322000,1,6.34220605,122.0300
1627688582322000,1,43.04718785,122.0300
1627688602849000,0,1.30000000,122.1600
1627688604189000,0,0.25934600,122.1600
1627688674415000,1,18.00000000,121.9300
1627688674415000,1,6.90396886,121.9300
1627688674415000,1,8.48162127,121.9200
1627688695397000,0,6.90390000,122.0700
1627688695439000,0,0.00008124,122.0700
1627688695439000,0,8.19631876,122.0800
1627688695508000,0,0.00013382,122.0800
1627688695508000,0,14.99986618,122.0900
1627688695890000,0,8.19231297,122.1300
1627688695890000,0,6.90295109,122.1300
1627688695890000,0,36.68843594,122.1400
1627688695999000,0,33.22580000,122.1500
1627688697682000,0,0.49078948,122.2700
1627688697682000,0,0.51191052,122.3100
1627688697874000,0,7.14000000,122.2500
1627688704833000,0,2.00000000,122.5000
1627688711303000,0,2.18150000,122.6000
1627688711617000,0,0.00004115,122.6000
1627688719479000,0,0.16627149,122.6900
1627688724444000,0,0.41358382,122.7200
1627688724471000,0,0.00000001,122.7200
1627688726617000,1,18.00000000,122.6600
1627688726617000,1,136.42000000,122.6600
1627688734890000,1,0.48753420,122.4700
1627688734890000,1,0.90915676,122.4200
1627688735777000,1,0.90915000,122.4800
1627688735841000,1,0.00000676,122.4800
1627688758867000,1,9.63000000,122.2100
1627688767731000,1,37.00000000,122.1800
1627688793552000,1,0.52200000,122.0000
1627688793716000,1,0.00000950,122.0000
1627688846460000,0,8.17273000,122.4500
1627688874718000,1,6.87978453,122.3600
1627688874718000,1,18.00000000,122.3600
1627688874718000,1,23.31869322,122.3300
1627688885185000,0,38.74300000,122.5000
1627688885349000,0,0.00001300,122.5000
1627688891118000,0,1.62303237,122.6100
1627688963746000,1,59.00000000,122.5300
1627688967792000,1,0.87501044,122.4800
1627689000267000,1,0.87152008,122.6200
1627689006277000,1,18.00000000,122.8100
1627689019524000,1,1.22760000,122.6500
1627689027025000,1,0.00000966,122.6500
1627689045106000,0,6.86917147,122.6900
1627689051915000,1,54.00000000,122.7500
1627689067126000,1,6.87000000,122.5300
1627689078158000,0,6.86945521,122.7100
1627689131757000,1,38.00000000,122.6300
1627689144834000,1,60.00000000,122.6100
1627689170025000,1,1.44080000,122.4000
1627689232519000,0,102.00000000,122.4700
1627689284193000,1,46.79910000,122.6800
1627689290903000,0,6.86680000,122.7500
1627689291177000,0,0.00002116,122.7500
1627689292737000,0,72.00000000,122.8600
1627689293084000,0,72.00000000,122.8600
1627689293094000,0,28.09770000,122.8600
1627689311824000,1,38.00000000,122.5800
1627689315802000,0,6.87261000,122.6000
1627689317892000,0,0.00000025,122.6000
1627689326675000,1,33.00000000,122.5800
1627689331354000,0,6.87266000,122.5800
1627689331683000,0,0.00000154,122.5800
1627689335194000,0,6.86630338,122.7200
1627689336421000,0,6.86630000,122.7200
1627689338095000,0,0.00000338,122.7200
1627689341841000,1,1.00060000,122.5900
1627689341970000,1,0.00004129,122.5900
1627689344151000,0,6.87295000,122.5900
1627689354351000,1,8.15673991,122.5300
1627689356223000,1,6.89368512,122.4400
1627689401695000,0,0.00000586,122.5900
1627689458966000,1,3.27464335,122.5500
1627689489153000,1,54.00000000,122.7400
1627689545553000,0,8.14779000,122.8300
1627689584036000,0,0.38474700,122.7300
1627689597339000,1,6.86309000,122.6300
1627689597672000,1,0.00000241,122.6300
1627689724470000,0,8.18343998,122.3600
1627689750976000,1,4.72133933,122.4300
1627689776674000,1,59.00000000,122.2300
1627689776777000,1,32.98070133,122.2100
1627689776777000,1,6.88549867,122.2100
1627689776937000,1,44.00000000,122.1700
1627689824548000,1,11.61490000,122.2100
1627689898278000,1,3.60000000,122.1000
1627689898429000,1,32.40000000,122.1000
1627689943538000,1,20.52940000,121.5800
1627689943846000,1,0.00008420,121.5800
1627689965119000,1,0.41558767,121.6200
1627689965313000,1,0.41499833,121.6200
1627689965741000,0,0.40957621,121.7600
1627690028960000,1,6.91000000,121.7100
1627690028989000,1,0.00306050,121.7100
1627690055779000,0,8.21422000,121.8100
1627690154027000,1,48.00000000,122.0200
1627690168938000,1,0.42417100,121.9200
1627690219266000,1,3.27040516,121.9900
1627690340953000,1,8.00000000,122.1000
1627690341431000,0,8.18951000,122.2100
1627690341657000,0,0.00000234,122.2100
1627690344722000,1,48.00000000,122.1900
1627690424976000,1,5.80819218,122.3500
1627690460482000,1,18.83712008,122.3100
1627690563358000,1,3.73593565,122.7100
1627690620993000,1,6.87158073,122.4700
1627690621294000,1,53.00000000,122.5000
1627690621317000,1,34.36032888,122.4100
1627690621317000,1,8.16393175,122.4000
1627690625075000,1,10.75389655,122.4400
1627690702208000,1,60.00000000,122.8500
1627690711461000,0,4.60000010,123.0000
1627690711461000,0,0.89900000,123.0000
1627690711461000,0,9.50099990,123.0000
1627690711617000,0,5.49900000,123.0000
1627690711898000,0,0.00000010,123.0000
1627690740854000,1,35.00000000,122.9400
1627690823988000,1,40.00000000,123.0400
1627690830156000,1,54.00000000,122.9900
1627690903483000,1,14.59680000,122.8300
1627690903805000,1,22.00000000,122.8300
1627690955859000,0,8.13286000,123.0400
1627690961412000,1,5.00000000,123.0500
1627690997078000,1,0.29055000,123.0700
1627690998905000,0,1.47280000,123.1200
1627690999090000,0,0.00006499,123.1200
1627691009301000,1,17.34000000,123.1000
1627691009336000,1,3.05000000,123.1000
1627691009366000,1,16.61000000,123.1000
1627691017329000,1,18.00000000,122.7000
1627691071719000,1,6.84791426,122.8700
1627691071719000,1,17.87100000,122.8700
1627691094732000,1,8.37000000,122.9400
1627691094824000,1,37.63000000,122.9400
1627691099641000,0,18.00000000,123.0300
1627691099641000,0,4.77592652,123.0400
1627691108067000,0,0.20098705,123.0300
1627691108158000,1,0.83962988,122.8700
1627691128313000,1,13.88000000,123.0500
1627691179246000,1,0.64447778,123.1600
1627691194844000,1,61.00000000,123.1500
1627691198491000,1,50.00000000,123.0900
1627691232763000,1,2.52376157,123.1000
1627691270245000,1,3.47027502,123.2100
1627691282656000,1,3.36054596,123.2100
1627691282656000,1,9.89412510,123.2100
1627691310790000,0,0.28378266,123.3000
1627691372895000,1,47.93000000,123.2500
1627691375013000,1,10.07000000,123.2500
1627691377043000,1,42.24000000,123.1900
1627691377133000,1,9.76000000,123.1900
1627691477976000,1,4.04692439,123.0400
1627691518242000,1,39.67000000,123.0800
1627691520252000,1,0.97306852,123.0800
1627691543669000,0,6.84111000,123.1700
1627691543886000,0,8.12110000,123.2200
1627691543901000,0,0.00006605,123.2200
1627691543901000,0,20.30253395,123.2400
1627691662066000,1,0.17639000,122.9300
1627691841124000,1,0.82000000,122.6100
1627691874630000,1,1.26314017,122.5200
1627691880281000,1,0.68836540,122.5100
1627691968276000,0,3.17152694,122.5700
1627691968512000,0,3.17152694,122.5700
1627692047278000,1,6.87000000,122.4400
1627692137009000,1,12.58000000,122.6200
1627692191586000,0,0.39582265,122.6400
1627692255862000,1,2.28000000,122.5800
1627692256166000,1,41.72000000,122.5800
1627692358494000,0,0.23733877,122.5900
1627692470340000,0,8.15254000,122.7500
1627692545018000,0,8.13870000,122.9400
1627692547356000,1,0.17700000,122.9100
1627692552517000,0,8.13592768,123.0100
1627692552517000,0,20.34437232,123.0100
1627692559477000,0,0.62458337,123.0400
1627692652818000,0,8.13214000,123.0400
1627692779748000,1,1.25995717,123.1300
1627692884559000,1,0.76419000,122.9400
1627693173030000,1,0.68224000,123.0400
1627693292492000,1,2.00000000,123.2200
1627693443029000,0,8.11046046,123.3900
1627693443362000,0,20.27400000,123.4200
1627694040505000,0,0.73902745,122.5400
1627694113748000,1,0.49770200,122.5300
1627694275295000,1,6.85733000,122.7500
1627694275417000,1,0.00000406,122.7500
1627694277185000,1,0.28676593,122.6500
1627694636484000,0,3.73139830,122.3500
1627694693848000,0,6.88793126,122.3300
1627694693848000,0,3.29454164,122.3500
1627694710088000,0,15.00000000,122.3300
1627694957412000,1,0.41649302,122.0200
1627695028470000,0,1.66871415,122.3000
1627695054461000,0,1.62701332,122.3100
1627695086184000,1,3.82000000,122.1900
1627695163072000,1,0.54000000,122.3000
1627695255757000,1,0.22097537,122.2700
1627695602926000,1,6.87351115,122.4800
1627695602926000,1,3.50000000,122.4500
1627695602926000,1,1.96700498,122.4400
1627696102914000,1,6.86000000,122.7100
1627696102923000,1,0.00155992,122.7100
1627696200211000,1,0.75000000,122.6500
1627696241248000,1,0.16502236,122.6900
1627696271661000,1,1.00000000,122.7000
1627696429205000,0,2.14948195,122.9900
1627696452718000,1,2.15247788,122.8100
1627696523609000,1,6.86000000,122.7200
1627696623954000,0,0.91622454,122.7500
1627697026105000,1,1.02803993,122.6000
1627697276145000,0,1.62118126,122.7500
1627697288376000,0,5.24507000,122.7500
1627697288921000,0,0.00000222,122.7500
1627697288921000,0,19.26300000,122.7800
1627697598408000,0,0.68955198,122.9400
1627697609256000,0,0.40059686,122.9400
1627697684004000,1,0.82717766,122.7700
1627697791549000,1,0.27424597,123.0500
1627697912061000,1,2.14967476,123.0200
1627698184893000,0,1.26472453,123.3800
1627698262818000,1,6.82783631,123.2700
1627698262818000,1,18.00000000,123.2700
1627698262818000,1,8.10740693,123.2600
1627698262818000,1,20.45280000,123.2500
1627698262818000,1,10.00000000,123.2500
1627698262818000,1,9.22814176,123.2400
1627698287509000,1,3.94755226,123.2800
1627698295536000,1,0.27367039,123.2700
1627698479698000,0,0.80566801,123.5000
1627698656810000,0,6.83000000,123.3700
1627698865100000,1,8.11090000,123.2400
1627698874111000,1,0.00005790,123.2400
1627699019336000,1,6.84383000,122.9900
1627699200384000,1,0.66200000,122.9300
1627699554024000,1,1.98881859,122.8700
1627699742948000,1,0.22940200,122.7200
1627699868953000,0,0.74619156,122.9600
1627699916075000,0,0.38457156,122.8900
1627700039920000,1,0.83568000,122.8200
1627700818702000,0,1.00000000,122.8600
1627700839196000,1,13.01653000,122.8900
1627701258893000,1,1.98317700,122.7900
1627701270078000,1,1.10560229,122.7900
1627701393331000,1,8.29948936,122.4500
1627701545330000,1,1.49154790,122.2000
1627702162913000,0,0.68035334,122.2600
1627702454162000,0,0.37281517,122.1400
1627702514689000,1,0.27704655,121.9800
1627702885320000,0,5.53233447,122.1900
1627703019951000,1,1.00000000,122.1200
1627703307474000,1,6.88548813,122.2300
1627703307474000,1,18.00000000,122.2300
1627703307474000,1,0.15465540,122.2100
1627703514709000,1,0.20676383,122.1200
1627703514709000,1,1.32835034,122.1000
1627703813075000,1,1.11161238,121.9400
1627704193446000,1,6.90442016,121.8700
1627704193446000,1,2.20792693,121.8700
1627704529673000,1,16.28824546,121.3900
1627704577675000,1,2.76000000,121.3100
1627704577731000,1,57.24000000,121.3100
1627704880551000,1,1.39283400,121.4900
1627705128480000,1,0.32979914,121.8600
1627705239584000,1,0.35053404,121.7800
1627705356450000,1,1.69841135,121.7600
1627705482735000,1,0.86708970,121.3200
1627705517543000,1,3.26349277,121.3500
1627705517563000,1,4.96845046,121.3500
1627705517563000,1,0.24190150,121.3500
1627705517656000,1,20.58018530,121.3000
1627705517731000,1,20.77240000,121.3100
1627705517731000,1,32.74840000,121.2800
1627705520072000,1,7.20000000,121.0400
1627705520486000,1,0.16524829,121.0300
1627705523847000,0,8.25902000,121.1600
1627705523858000,0,0.00000094,121.1600
1627705529729000,0,11.68070000,121.2900
1627705529729000,0,8.25123000,121.2900
1627705602263000,1,0.42600000,121.3000
1627705794531000,1,0.23000000,121.3200
1627705865572000,1,0.48800000,121.5300
1627705869811000,1,3.76097000,121.4600
1627706086675000,1,0.34276589,121.5500
1627706336790000,1,3.48205300,121.6500
1627706388690000,1,0.42376527,121.5500
1627706760879000,1,0.70000000,121.6000
1627706810414000,0,1.03666195,121.7600
1627707093046000,0,1.85945686,121.7600
1627707120443000,0,0.41269710,121.7600
1627707366157000,1,2.48900000,121.6800
1627707378097000,0,6.91316575,121.8100
1627707378154000,0,8.21240000,121.8400
1627707378342000,0,0.00007310,121.8400
1627707379967000,0,3.20008000,122.0500
1627707381887000,1,31.32190000,121.9600
1627707400319000,1,6.90198000,121.8900
1627707767472000,0,0.48357279,121.8500
1627707773623000,1,5.00000000,121.7200
1627708033097000,0,0.81262230,121.7500
1627708588988000,0,0.83847465,121.5800
1627708662869000,1,0.16600000,121.4600
1627708744201000,0,4.08934736,121.6600
1627708827637000,0,9.00000000,121.7500
1627708924205000,0,6.91214000,121.8500
1627709007962000,1,1.38994500,121.7900
1627709063685000,0,4.20577171,121.9200
1627709104419000,0,0.40940809,121.8100
1627709154161000,1,0.18044583,121.5400
1627709214899000,0,8.22747000,121.6100
1627709268778000,0,6.92086996,121.6900
1627709268874000,0,6.92000000,121.6900
1627709275543000,1,0.87534300,121.5400
1627709319727000,0,0.21000000,121.5800
1627709410002000,0,8.25722000,121.1900
1627709521020000,0,59.00000000,120.5800
1627709546286000,1,2.01618045,120.6400
1627709575876000,0,1.58350000,120.7400
1627709603578000,0,8.28280000,120.8300
1627709603701000,0,0.00000820,120.8300
1627709603701000,0,8.29036163,120.8500
1627709620728000,1,6.97092077,120.6900
1627709620733000,1,23.47013631,120.6600
1627709620852000,1,6.97092077,120.6900
1627709623201000,1,0.35000000,120.5000
1627709623201000,1,16.58424649,120.4900
1627709623712000,1,16.58424000,120.5000
1627709623712000,1,0.00000649,120.5000
1627709707241000,0,8.30330305,120.5400
1627709707241000,0,20.75687695,120.5400
1627709718525000,0,8.30027000,120.5800
1627709872063000,1,1.00000000,120.7400
1627710098175000,1,0.30600000,120.5000
1627710258740000,0,0.46358542,120.5700
1627710571677000,0,1.87563370,120.6100
1627710579101000,1,6.98450000,120.4600
1627710621284000,1,1.00000000,120.1600
1627710649425000,1,1.40196600,120.1100
1627710679682000,0,8.31890000,120.3000
1627710734986000,0,8.30868000,120.4400
1627710835593000,1,5.87859000,120.3700
1627710835593000,1,6.98907283,120.3700
1627710835593000,1,17.99999717,120.3700
1627710835745000,1,6.98907283,120.3700
1627710836078000,1,20.95810000,120.2900
1627710865170000,1,6.99701123,120.1800
1627710865170000,1,0.67438877,120.1700
1627710865171000,1,6.99510000,120.1700
1627710867209000,1,15.32983405,120.0300
1627710874990000,0,8.32473111,120.2200
1627710874990000,0,17.67526889,120.2200
1627710875128000,0,8.75173081,120.2400
1627710875180000,0,12.05906459,120.2400
1627710875418000,0,8.32440000,120.2400
1627710932989000,1,6.99166429,120.3200
1627710933054000,1,15.32990000,120.3300
1627710933060000,1,59.53771069,120.3300
1627710933639000,1,0.62375249,120.2400
1627710944256000,1,3.69195177,120.0500
1627710955846000,0,8.32112000,120.2500
1627711027938000,0,18.19298132,120.5400
1627711070584000,0,8.30000000,120.4700
1627711070600000,0,0.00592378,120.4700
1627711070794000,0,20.76073486,120.5100
1627711070794000,0,6.99010831,120.5200
1627711071142000,0,53.97291046,120.5500
1627711071142000,0,6.98822982,120.5600
1627711071142000,0,34.95034281,120.5700
1627711468404000,1,6.98050000,120.5400
1627711691067000,1,0.16900000,120.5700
1627711731116000,1,0.84232031,120.5700
1627712091588000,1,1.71050369,120.5300
1627712174360000,1,0.84418924,120.4400
1627712387798000,0,8.30600000,120.4600
1627712395861000,1,0.69950000,120.3800
1627712636515000,0,8.30698318,120.4500
1627712636515000,0,18.00000000,120.4600
1627712636515000,0,6.99288815,120.4600
1627712636515000,0,4.42444635,120.4800
1627712707029000,1,1.40495500,120.3200
1627712717700000,1,0.34941687,120.3200
1627712750593000,0,0.34122600,120.3800
1627712996738000,0,1.63888943,120.3500
1627713120286000,0,0.66650400,120.3200
1627713146264000,0,0.75457300,120.4000
1627713220829000,0,2.31000000,120.3000
1627713326186000,1,4.21647881,120.2100
1627713402671000,1,0.34988145,120.2100
1627713451321000,0,224.74000000,120.3200
1627713471209000,0,0.00835262,120.3200
1627713525263000,0,8.30682000,120.4700
1627713670550000,1,0.70115000,120.5600
