timestamp ms,type,amount,price
1627949223710000,1,4.82541378,16.7200
1627949223710000,1,1.93041927,16.7200
1627949423717000,1,5.48000000,16.7700
1627949930371000,0,10.50000000,16.8100
1627950297752000,1,1.70000000,16.9600
1627950318489000,0,125.82775201,16.9800
1627950416896000,0,49.76354410,17.1800
1627950416896000,0,1.44003059,17.1800
1627950416898000,0,15.89026940,17.1800
1627950416899000,0,45.54359569,17.1800
1627950416899000,0,119.18647868,17.1800
1627950416948000,0,5.21674889,17.1800
1627950416948000,0,43.84616142,17.1800
1627950416987000,0,279.57025309,17.1800
1627950416988000,0,62.85681944,17.1900
1627950416988000,0,408.00000000,17.1900
1627950417326000,0,49.75253075,17.2000
1627950417326000,0,124.37714577,17.2000
1627950417326000,0,323.35087604,17.2000
1627950429059000,1,53.37000000,17.1800
1627950429078000,1,0.00019790,17.1800
1627950578021000,1,18.54154403,17.2200
1627950582348000,1,11.71280993,17.2000
1627950582396000,1,52.32459761,17.2000
1627950582573000,1,205.01000000,17.2000
1627950582795000,1,94.21186106,17.2000
1627950582921000,1,6.74073140,17.2000
1627950582921000,1,18.54154403,17.2000
1627950582921000,1,0.00000001,17.2000
1627950618741000,0,9.89999999,17.2500
1627950618746000,0,0.00000001,17.2500
1627950620222000,0,3.71509599,17.2900
1627950620242000,0,0.00000001,17.2900
1627950696939000,1,5.43591700,17.4300
1627950699850000,1,17.83000000,17.4400
1627950699982000,1,0.00238987,17.4400
1627950713790000,1,17.43116891,17.4400
1627950715696000,1,17.44196418,17.4300
1627950746510000,1,16.35000000,17.3300
1627950746592000,1,0.00780056,17.3300
1627950779562000,1,16.56153407,17.3500
1627950826331000,1,344.00000000,17.3900
1627950826331000,1,16.13146114,17.3900
1627950827590000,1,4.00000000,17.3500
1627950834194000,1,15.72184145,17.3700
1627950834753000,1,15.72184145,17.3600
1627950849169000,1,15.57343328,17.3400
1627950852312000,1,15.41427996,17.3100
1627950852312000,1,38.53569991,17.3100
1627950852870000,1,10.52800000,17.2900
1627950854654000,0,18.69999999,17.3400
1627950854657000,0,0.00000001,17.3400
1627950951989000,1,13.97000000,17.4200
1627950952096000,1,0.00132337,17.4200
1627951038634000,1,75.64000000,17.4400
1627951038651000,1,0.00267363,17.4400
1627951170675000,1,13.45758878,17.4900
1627951173642000,1,13.45758878,17.4700
1627951173642000,1,79.22722298,17.4700
1627951205629000,1,13.15987864,17.4900
1627951216167000,1,14.13188986,17.4700
1627951227238000,1,2.89000000,17.4400
1627951227254000,1,9.99086014,17.4400
1627951644272000,1,11.80934477,17.4700
1627951665926000,1,11.90284657,17.5000
1627951665936000,1,0.00000001,17.5000
1627952385866000,1,28.84754397,17.3800
1627952385866000,1,1.65245603,17.3800
1627952385906000,1,9.89041042,17.3800
1627952492376000,1,11.17000000,17.2400
1627952492422000,1,0.00148283,17.2400
1627952570408000,1,26.61465840,17.2000
1627952570408000,1,69.20877420,17.1900
1627952570408000,1,10.64697719,17.1900
1627952664876000,1,7.50814905,17.2000
1627952664876000,1,18.77037261,17.2000
1627952664880000,1,0.00000001,17.2000
1627952664920000,1,62.71650228,17.1900
1627952723421000,1,7.23000000,17.1500
1627952723493000,1,0.00331721,17.1500
1627952954094000,1,6.64000000,17.1100
1627953263418000,1,6.22805077,17.1400
1627953263418000,1,15.56194923,17.1400
1627953263441000,1,0.00454541,17.1400
1627953263800000,1,6.23000000,17.1300
1627953263848000,1,0.00103136,17.1300
1627953359890000,1,6.59000000,17.0800
1627953359901000,1,0.00117159,17.0800
1627953536034000,0,10.30000000,17.0700
1627953786130000,1,6.46000000,17.0300
1627953786200000,1,0.00299471,17.0300
1627953879941000,1,16.00880982,16.9900
1627953879941000,1,6.40209288,16.9900
1627953879941000,1,0.00000001,16.9900
1627953881018000,1,320.00000000,16.9800
1627953882301000,1,13.83000000,16.9700
1627953882361000,1,292.17000000,16.9700
1627953882361000,1,6.40209289,16.9700
1627953895391000,1,6.08983905,16.9600
1627953895391000,1,15.22459763,16.9600
1627953912818000,1,5.85665863,16.9500
1627953926805000,1,5.79083749,16.9400
1627953926805000,1,14.47658112,16.9400
1627953926805000,1,24.10715946,16.9400
1627953927153000,1,13.53000000,16.9400
1627954251646000,0,9.90000000,17.0600
1627954251646000,0,42.33550197,17.0600
1627954251651000,0,7.74966451,17.0600
1627954251667000,0,79.67481830,17.0700
1627954400728000,1,6.24311380,17.2300
1627954400728000,1,2.15728516,17.2300
1627954788554000,1,5.40000000,17.1800
1627954788584000,1,0.00328715,17.1800
1627954788688000,1,5.40000000,17.1800
1627954788690000,1,5.40000000,17.1800
1627954788943000,1,2.71434854,17.1800
1627955038324000,1,5.15000000,17.1100
1627955038428000,1,0.00513384,17.1100
1627955039561000,1,4.63000000,17.1000
1627955039561000,1,0.00771751,17.1000
1627955139796000,1,5.77747524,17.1400
1627955153160000,1,8.10524666,17.1400
1627955228546000,1,19.70871697,17.0200
1627955228546000,1,7.88117386,17.0200
1627955279073000,1,48.64100775,17.0300
1627955279073000,1,18.70802387,17.0300
1627955279073000,1,5.09749964,17.0300
1627955279133000,1,2.38799349,17.0300
1627956302703000,1,6.64330154,17.0200
1627956302703000,1,16.60669846,17.0200
1627956913684000,1,6.36202491,17.0800
1627956913685000,1,0.00000001,17.0800
1627956916998000,1,6.36202491,17.0500
1627956917000000,1,0.00000001,17.0500
1627959562022000,1,52.55541207,16.8100
1627959562036000,1,325.44458793,16.8100
1627959851522000,0,64.29238989,16.8000
1627959851522000,0,50.85354159,16.8000
1627959851522000,0,30.56980358,16.8100
1627959851532000,0,33.71549337,16.8100
1627959851532000,0,25.28099629,16.8100
1627959890422000,0,81.84885470,16.8500
1627961396907000,0,50.76489690,16.8300
1627961831523000,1,7.65207118,16.7100
1627962066492000,0,5.72300000,16.6800
1627962073717000,1,6.57443793,16.6700
1627964113520000,0,82.18212497,16.7500
1627964424663000,1,22.62000000,16.7900
1627964424714000,1,253.38000000,16.7900
1627964603310000,1,6.64000000,16.8300
1627964777340000,1,6.57000000,16.8300
1627964777411000,1,0.00111721,16.8300
1627965319623000,1,15.55690399,16.6700
1627965319623000,1,6.22309601,16.6700
1627965319678000,1,0.00033694,16.6700
1627965320236000,1,6.23067783,16.6600
1627965715137000,0,10.30000000,16.6300
1627966472860000,1,11.48878956,16.4900
1627966472860000,1,4.59977035,16.4900
1627966472860000,1,29.90632818,16.4900
1627966472862000,1,0.00000001,16.4900
1627966543990000,1,4.09000000,16.4400
1627966544082000,1,0.00564692,16.4400
1627966551568000,1,47.35736990,16.4200
1627966551568000,1,71.00022990,16.4200
1627966551568000,1,228.15240020,16.4200
1627966551756000,1,228.78000000,16.4200
1627966553611000,1,0.00264578,16.4200
1627966554206000,1,3.09000000,16.4000
1627966554263000,1,0.00048111,16.4000
1627966631391000,1,3.57000000,16.3600
1627966672146000,1,3.71896753,16.3100
1627966672146000,1,9.75758052,16.3100
1627966672146000,1,25.36970934,16.3100
1627966672151000,1,0.00000001,16.3100
1627966735764000,1,3.26000000,16.3900
1627966826640000,1,3.24000000,16.2900
1627966826704000,1,0.00686190,16.2900
1627966839451000,1,3.21368662,16.2700
1627966839452000,1,0.00000001,16.2700
1627966839480000,1,33.29773704,16.2600
1627966839493000,1,32.79191822,16.2600
1627966839493000,1,20.89229670,16.2600
1627966839493000,1,7.68263905,16.2600
1627966840013000,1,3.07309339,16.2600
1627966840093000,1,426.00000000,16.2500
1627967143013000,1,2.04750722,16.1300
1627967143013000,1,5.11249278,16.1300
1627967143068000,1,0.00633872,16.1300
1627967191401000,0,52.85886885,16.1800
1627967191401000,0,343.54047485,16.1800
1627967191401000,0,132.14394330,16.1800
1627967193220000,0,77.85868392,16.2000
1627967193767000,0,77.85868392,16.2000
1627967491002000,0,46.76412930,16.1900
1627967491058000,0,6.04391751,16.1900
1627967637301000,1,6.24000000,16.1400
1627967663349000,0,4.50844200,16.1400
1627967697750000,1,6.11000000,16.1200
1627967697756000,1,0.00967739,16.1200
1627967698255000,1,15.30128114,16.1100
1627967698255000,1,0.00871886,16.1100
1627967978033000,1,4.54000000,16.2300
1627968241998000,1,4.93000000,16.3300
1627968614879000,0,10.39999999,16.3400
1627968614881000,0,0.00000001,16.3400
1627968615223000,0,9.26435008,16.3500
1627968615421000,0,11.88660522,16.3500
1627968615432000,0,31.13836860,16.3500
1627969402373000,1,4.55000000,16.3500
1627969418116000,1,4.48000000,16.4100
1627969418129000,1,0.00832095,16.4100
1627969688017000,1,4.37000000,16.4600
1627969688132000,1,0.00356764,16.4600
1627970138900000,1,2.77637539,16.4200
1627970138900000,1,6.93840381,16.4200
1627970138900000,1,18.03522080,16.4200
1627970138909000,1,0.00462911,16.4200
1627970401187000,1,6.19030476,16.3400
1627970401187000,1,2.46969524,16.3400
1627971026960000,1,2.95041349,16.4800
1627971026960000,1,7.37361786,16.4800
1627971026978000,1,0.00000001,16.4800
1627971026978000,1,4.37712630,16.4800
1627971027018000,1,10.32000000,16.4800
1627971027024000,1,4.47311742,16.4800
1627971042446000,1,2.62740618,16.4200
1627971042526000,1,0.00000001,16.4200
1627974094979000,1,4.54050635,16.2800
1627974094979000,1,1.80949365,16.2800
1627974097283000,1,446.00000000,16.2500
1627974114803000,1,1.69843268,16.2400
1627974452876000,1,1.62640519,16.4000
1627974594029000,1,1.61072773,16.3800
1627975200989000,0,45.20883777,16.5200
1627976049206000,0,3.59100000,16.5300
1627976068429000,0,4.43100000,16.5500
1627976662791000,1,8.80000000,16.4400
1627978036486000,0,51.91653565,16.4300
1627978043071000,0,16.28398648,16.4400
1627979962879000,1,6.73690658,16.2900
1627979962879000,1,2.69309342,16.2900
1627979962910000,1,0.00497640,16.2900
1627980202847000,1,16.84557111,16.2900
1627980202847000,1,2.59162633,16.2900
1627980202847000,1,6.47280256,16.2900
1627980202859000,1,0.00626325,16.2900
1627981180736000,1,1.92402528,16.2300
1627981180736000,1,4.75597472,16.2300
1627981231937000,1,1.57000271,16.2100
1627981231937000,1,3.91999729,16.2100
1627981231941000,1,0.00486257,16.2100
1627981370018000,1,1.49352178,16.1800
1627981962545000,1,4.27518083,16.1100
1627981962545000,1,1.64511219,16.1100
1627991441700000,1,21.79000000,16.1100
1627991441754000,1,2.90000000,16.1100
1627991441872000,1,192.94950617,16.1100
1627991793402000,1,2.80000000,16.1100
1627991793635000,1,80.49000000,16.1100
1627991793748000,1,0.00099873,16.1100
1627992078428000,1,100.00000000,16.0000
1627992078428000,1,300.00000000,16.0000
1627992108567000,1,1.97005258,15.9300
1627992108664000,1,0.00000001,15.9300
1627992148860000,1,1.90956726,15.9700
1627992152181000,1,141.98000000,15.9400
1627992228401000,1,1.84562534,15.9100
1627992228401000,1,1.84483782,15.9100
1627992228401000,1,67.59282887,15.9000
1627992228401000,1,67.64560523,15.8900
1627992228401000,1,31.68514879,15.8900
1627992228576000,1,67.67307910,15.8800
1627992228603000,0,1.84562534,15.8900
1627992228605000,0,1.84483782,15.8900
1627992256587000,0,149.68038884,15.8900
1627992433721000,1,4.14000000,15.9700
1627992512424000,0,11.09999999,15.9800
1627992656343000,1,4.39000000,16.0300
1627992656355000,1,0.00191892,16.0300
1627992674813000,1,10.73551670,16.0200
1627992674813000,1,4.29448330,16.0200
1627992674849000,1,0.00015191,16.0200
1627992701434000,1,4.17000000,16.0200
1627992765981000,1,4.12000000,16.0500
1627992894312000,1,6.34000000,16.2400
1627992946458000,1,6.30000000,16.2800
1627993190083000,1,6.12000000,16.1800
1627993381228000,0,10.40000000,16.2000
1627993395748000,0,3.08607999,16.2300
1627993395752000,0,0.00000001,16.2300
1627993395796000,0,66.61179269,16.2400
1627993395796000,0,40.81861944,16.2400
1627993395854000,0,10.35989247,16.2400
1627993395856000,0,18.24488935,16.2400
1627993395858000,0,22.03349453,16.2400
1627993395860000,0,23.79929721,16.2400
1627993395879000,0,16.16167323,16.2400
1627993395879000,0,44.22279526,16.2400
1627993414405000,0,34.63682212,16.3900
1627993427191000,1,8.11322826,16.4000
1627993428372000,1,8.11322826,16.3900
1627993428402000,1,0.00000001,16.3900
1627993442705000,1,49.07434253,16.3700
1627993442705000,1,18.88714600,16.3700
1627993442705000,1,7.55651877,16.3700
1627993442705000,1,65.68228184,16.3600
1627993442705000,1,26.85538534,16.3600
1627993442924000,1,239.14461466,16.3600
1627993442924000,1,7.55651877,16.3600
1627993442924000,1,18.88714600,16.3600
1627993458050000,1,6.43960972,16.3000
1627993458089000,1,0.00000001,16.3000
1627993491386000,1,6.36000000,16.3100
1627993603161000,1,5.79000000,16.2800
1627993603338000,1,0.51409420,16.2800
1627993888180000,1,6.40000000,16.1900
1627993888220000,1,0.00340766,16.1900
1627993891854000,1,254.00000000,16.1800
1627993928601000,1,6.34000000,16.1500
1627993928647000,1,0.00734872,16.1500
1627994037702000,1,6.20000000,16.1700
1627994348261000,1,6.12000000,16.2000
1627994348313000,1,0.00028228,16.2000
1627994400873000,0,11.00000000,16.2500
1627994769347000,1,13.95224843,16.3200
1627994769347000,1,5.57775157,16.3200
1627994769390000,1,0.00314780,16.3200
1627995265304000,1,6.85000000,16.4800
1627995265398000,1,0.00656107,16.4800
1627995386535000,1,6.01151298,16.5000
1627995760674000,0,128.75465505,16.5800
1627995838674000,0,2.00000000,16.6500
1627995865820000,1,7.03000000,16.6600
1627995865846000,1,0.00172592,16.6600
1627995874232000,1,6.95000000,16.6600
1627995874233000,1,0.00295972,16.6600
1627995922174000,0,15.40064736,16.7100
1627995922325000,0,128.09819611,16.7200
1627995922360000,0,3.20309512,16.7200
1627995943931000,1,20.79375941,16.7300
1627995943931000,1,8.31720569,16.7300
1627995943948000,1,0.00000001,16.7300
1627996038862000,1,19.99814070,16.7100
1627996038862000,1,7.43968337,16.7100
1627996245911000,1,19.25938855,16.6900
1627996245911000,1,7.69061145,16.6900
1627996245942000,1,0.00945426,16.6900
1627996542247000,1,7.38000000,16.7200
1627996889280000,1,6.52478680,16.6600
1627996935366000,1,6.45000000,16.6700
1627996935385000,1,0.00228527,16.6700
1627997014388000,1,6.38000000,16.6600
1627997014408000,1,0.00313779,16.6600
1627997267782000,1,6.12000000,16.6800
1627997267802000,1,0.00653682,16.6800
1627997572803000,0,364.21580184,16.7700
1627997591347000,0,39.69538277,16.8200
1627997591355000,0,917.16782459,16.8200
1627998035015000,1,6.06000000,16.8300
1627998641564000,1,5.31000000,16.8600
1627998641574000,1,0.00005814,16.8600
1627999326713000,1,41.20865587,16.7700
1627999326807000,1,4.98545016,16.7700
1627999326866000,1,28.63000000,16.7600
1627999326886000,1,32.41160189,16.7600
1627999326886000,1,12.47134852,16.7600
1627999326886000,1,64.39900401,16.7500
1627999326886000,1,376.00000000,16.7500
1627999328478000,1,4.98545016,16.7200
1627999328478000,1,12.46454984,16.7200
1627999328899000,1,0.00679868,16.7200
1627999344281000,1,4.05729189,16.6800
1627999344281000,1,10.63270811,16.6800
1627999344306000,1,0.00808204,16.6800
1627999553910000,1,4.09000000,16.6900
1628000615630000,0,50.94674258,16.7600
1628001199723000,1,3.50010006,16.8600
1628001199802000,1,0.00000001,16.8600
1628001270592000,1,3.41844304,16.8700
1628001270592000,1,8.54155696,16.8700
1628001489073000,1,3.29000000,16.8200
1628001489126000,1,0.00334613,16.8200
1628001652944000,0,50.82516475,16.7900
1628001652944000,0,64.26345329,16.8000
1628001652944000,0,10.40000000,16.8000
1628001652944000,0,127.03125744,16.8000
1628001767033000,0,50.63617836,16.8600
1628001824882000,1,5.73611382,16.9000
1628001854239000,1,5.67000000,16.9000
1628002080383000,1,64.11952595,16.8100
1628002080383000,1,30.88211245,16.8100
1628002080383000,1,11.87209125,16.8100
1628002080383000,1,2.51787843,16.8100
1628002104881000,1,4.22000000,16.8800
1628002242762000,1,3.43000000,16.8600
1628002242930000,1,0.00533123,16.8600
1628002260494000,1,3.40000000,16.8300
1628002260560000,1,0.00140654,16.8300
1628002424044000,1,8.42520000,16.7700
1628002424044000,1,3.37120330,16.7700
1628002424046000,1,0.00000001,16.7700
1628002698805000,1,3.24000000,16.7600
1628002698857000,1,0.00330855,16.7600
1628002966530000,1,3.17385208,16.7500
1628003010548000,1,3.13000000,16.7600
1628003010620000,1,0.00793924,16.7600
1628003100476000,1,3.03000000,16.7400
1628003211160000,1,3.02155488,16.6200
1628003363766000,1,2.59000000,16.6300
1628003865582000,1,2.53037438,16.7600
1628003865582000,1,6.31962562,16.7600
1628003865596000,1,0.00668763,16.7600
1628003874178000,1,330.00000000,16.7300
1628003986297000,1,5.91044302,16.6500
1628003986297000,1,2.36409208,16.6500
1628003986446000,1,2.09922545,16.6500
1628003986446000,1,5.24806363,16.6500
1628004042976000,1,4.79935058,16.6800
1628004042976000,1,12.47756381,16.6800
1628004042976000,1,1.91918820,16.6800
1628004043200000,1,0.00000001,16.6800
1628004362287000,1,1.58292338,16.5600
1628004387506000,1,20.39000000,16.5300
1628004387528000,1,19.30538277,16.5300
1628004387528000,1,917.16782459,16.5300
1628004425221000,0,10.59999999,16.5600
1628004425229000,0,0.00000001,16.5600
1628005416558000,1,1.29513562,16.6700
1628005988313000,1,32.62000000,16.7400
1628005988333000,1,42.15837514,16.7400
1628006025013000,1,2.88000000,16.7400
1628006025035000,1,0.00401989,16.7400
1628006093209000,1,2.79000000,16.7700
1628006093260000,1,0.00784982,16.7700
1628006307933000,1,7.05873334,16.7900
1628006588427000,1,2.52000000,16.7700
1628006589986000,1,0.00035185,16.7700
1628007538740000,1,1.50879742,16.6600
1628007700279000,1,1.49424196,16.6500
1628007854890000,1,1.48184763,16.6000
1628008193979000,1,1.46321592,16.6200
1628008193979000,1,3.65786379,16.6200
1628008193979000,1,9.21590979,16.6200
1628009018220000,1,11.00000000,16.6900
1628009021396000,1,11.00000000,16.6900
1628009025643000,1,3.00652647,16.7000
1628009025643000,1,7.99347353,16.7000
1628009028364000,1,11.00000000,16.7000
1628009031611000,1,11.00000000,16.7000
1628009036971000,1,2.92038833,16.7100
1628009036971000,1,8.07961167,16.7000
1628009041410000,1,2.83663145,16.7100
1628009041410000,1,7.37321385,16.7100
1628009041410000,1,0.79015470,16.7100
1628009046075000,1,11.00000000,16.7000
1628009050732000,1,6.63096688,16.7100
1628009050732000,1,2.55037188,16.7100
1628009050732000,1,1.81866124,16.7100
1628009056675000,1,2.29127320,16.7200
1628009056675000,1,5.95602850,16.7200
1628009056675000,1,2.75269830,16.7200
1628009060422000,1,11.00000000,16.7200
1628009065841000,1,11.00000000,16.7200
1628009070364000,1,11.00000000,16.7200
1628009081739000,1,6.21000000,16.7100
1628009336959000,1,2.04226977,16.8600
1628009336960000,1,0.00000001,16.8600
1628009471985000,0,2.92581881,16.9200
1628009567422000,0,50.30376277,16.9500
1628009567422000,0,76.01610358,16.9500
1628009567637000,0,10.55629699,16.9500
1628009567644000,0,15.83277136,16.9500
1628009567678000,0,23.35136476,16.9500
1628009586150000,0,104.27500000,17.0000
1628009593517000,0,43.99867582,17.0100
1628009601889000,1,1.47925796,17.0000
1628009601889000,1,63.35391606,16.9900
1628009601889000,1,9.61732533,16.9900
1628009601889000,1,3.69901478,16.9900
1628009601918000,1,0.00000001,16.9900
1628009675596000,0,35.69412353,17.0600
1628009676104000,0,3.56725663,17.0600
1628009681637000,0,3.06384580,17.0600
1628009681916000,0,321.89057588,17.0600
1628009894648000,0,728.43160368,17.1200
1628009902987000,1,1.45541247,17.1200
1628010064116000,0,21.79000000,17.1500
1628010064116000,0,2.90000000,17.1500
1628010064116000,0,192.94950617,17.1500
1628010735729000,1,52.11000000,17.0300
1628010735741000,1,309.89000000,17.0300
1628011433928000,1,52.86000000,16.9900
1628011433947000,1,0.00815773,16.9900
1628012585127000,1,3.85395644,16.8900
1628012585127000,1,1.48136216,16.8900
1628013200129000,1,3.47864955,16.8100
1628013200129000,1,1.33135045,16.8100
1628013200139000,1,0.00628977,16.8100
1628013306288000,1,308.13000000,16.7400
1628013306408000,1,0.00996372,16.7400
1628013347426000,1,3.04971532,16.7600
1628013348039000,1,114.51760900,16.7500
1628013348896000,1,255.48000000,16.7500
1628013348997000,1,0.00239100,16.7500
1628013438874000,1,104.27000000,16.7300
1628013438917000,1,0.00500000,16.7300
1628013441882000,1,35.69412353,16.7200
1628013441882000,1,3.56725663,16.7200
1628013441882000,1,3.06384580,16.7200
1628013441882000,1,321.89057588,16.7200
1628014119934000,1,78.37000000,16.6200
1628014120311000,1,650.06160368,16.6200
1628014187775000,0,7.53488767,16.6600
1628014187776000,0,43.64168643,16.6600
1628014772277000,1,1.32559316,16.6700
1628015242769000,1,73.45000000,16.7200
1628015242775000,1,312.55000000,16.7200
1628015417034000,1,100.62000000,16.7000
1628015417092000,1,225.38000000,16.7000
1628015419363000,1,348.00000000,16.6900
1628015462136000,1,1.39866271,16.6400
1628017273908000,1,1.32525804,16.9000
1628018695647000,0,50.22825338,16.9800
1628018695661000,0,63.66724754,16.9900
1628018695661000,0,0.47940773,16.9900
1628018695831000,0,126.70000000,16.9900
1628018695875000,0,199.19722612,16.9900
1628018695875000,0,125.51013163,16.9900
1628018695944000,0,50.20044380,16.9900
1628018696394000,0,242.00000000,17.0000
1628018701827000,1,292.00000000,17.0400
1628018724076000,1,18.65054835,17.0400
1628018724076000,1,7.45829473,17.0400
1628019099546000,1,5.04963645,17.0900
1628019099580000,1,2.09545284,17.0900
1628019514160000,1,6.59000000,17.0000
1628019514181000,1,0.00385832,17.0000
1628019880163000,1,6.50439500,17.0600
1628019930120000,0,63.14591064,17.1300
1628019930120000,0,49.77995275,17.1300
1628019974169000,1,6.82512918,17.1800
1628019974178000,1,0.00000001,17.1800
1628020238536000,1,6.75707951,17.1600
1628020238536000,1,16.88292049,17.1600
1628020238539000,1,0.00623556,17.1600
1628020268748000,1,6.42000000,17.1200
1628020268795000,1,0.00648222,17.1200
1628020377677000,1,6.38732865,17.0400
1628020377829000,1,0.00000001,17.0400
1628020397378000,1,3.49000000,16.9900
1628020397464000,1,153.37000000,16.9900
1628020621969000,0,9.90000000,16.9900
1628020621969000,0,0.60000000,17.0000
1628020634793000,1,6.26357738,16.9800
1628020634801000,1,0.00000001,16.9800
1628020674157000,1,6.21157109,16.9400
1628020674192000,1,0.00000001,16.9400
1628020699509000,1,6.14190606,16.9300
1628020699523000,1,0.00000001,16.9300
1628020700138000,1,15.36111222,16.9200
1628020700138000,1,6.14190606,16.9200
1628020700189000,1,0.00000001,16.9200
1628021166643000,1,346.00000000,16.8400
1628021285009000,1,9.86407693,16.8100
1628021285175000,1,5.61702161,16.8100
1628021369558000,1,5.42000000,16.8600
1628021369601000,1,0.00971446,16.8600
1628021550224000,1,5.37000000,16.8500
1628021676201000,1,5.32000000,16.8100
1628022510711000,1,4.97000000,16.9600
1628022510734000,1,0.00863931,16.9600
1628022525995000,1,4.92000000,16.9500
1628022881965000,1,4.41379600,16.9800
1628022881978000,1,0.09007747,16.9800
1628022986177000,1,4.41000000,16.9500
1628022986209000,1,0.00083894,16.9500
1628023140621000,1,4.38000000,16.8500
1628023140643000,1,0.00903665,16.8500
1628023278032000,1,4.33996854,16.8400
1628023278035000,1,0.00000001,16.8400
1628023282013000,1,4.33000000,16.8200
1628023401710000,1,4.24273715,16.8400
1628023401711000,1,0.00000001,16.8400
1628023470691000,1,4.19204466,16.8600
1628023683168000,1,3.61981090,16.9300
1628023683205000,1,0.00000001,16.9300
1628023771525000,1,3.38332147,16.8600
1628024174221000,1,362.00000000,16.8900
1628024624872000,1,24.05000000,16.9900
1628024624888000,1,243.95000000,16.9900
1628024751573000,0,3.40000000,16.9500
1628024954856000,1,3.38000000,16.9800
1628024954862000,1,0.00934888,16.9800
1628025010159000,1,3.53000000,17.0300
1628025010216000,1,0.00854192,17.0300
1628025433001000,1,3.48000000,17.0900
1628025433034000,1,0.00868722,17.0900
1628025451976000,1,3.45000000,17.0700
1628025458474000,1,111.58000000,17.0400
1628025458541000,1,142.42000000,17.0400
1628025542432000,1,3.99000000,16.9600
1628025542482000,1,0.00531164,16.9600
1628026190120000,1,3.94000000,17.0100
1628026662416000,0,10.10000000,17.0100
1628028685878000,0,2.76212741,17.1100
1628028897250000,0,700.00000000,17.1500
1628028971405000,1,9.31702956,17.1500
1628028971405000,1,3.58681332,17.1500
1628028971405000,1,1.42615712,17.1500
1628028971411000,1,0.00880229,17.1500
1628028971769000,1,1.43495941,17.1400
1628028971769000,1,9.32504059,17.1400
1628028971782000,1,0.00339146,17.1400
1628029445432000,1,2.86447955,17.2600
1628029445436000,1,0.00000001,17.2600
1628029487259000,1,2.79042529,17.2200
1628029511590000,1,2.70000000,17.2200
1628029511630000,1,0.00984822,17.2200
1628029543474000,0,20.82832931,17.3000
1628029607060000,1,2.03149481,17.3500
1628029607073000,1,0.00000001,17.3500
1628029865955000,1,1.96790059,17.4000
1628029866017000,1,0.00000001,17.4000
1628030899648000,1,1.38436475,17.1800
1628030899648000,1,3.59771633,17.1800
1628030899909000,1,1.38436475,17.1700
1628030899909000,1,3.59771633,17.1700
1628031911490000,1,2.21000000,17.2600
1628031911510000,1,0.00523968,17.2600
1628032040404000,0,10.20000000,17.2300
1628032564261000,1,3.87000000,17.3300
1628032665267000,1,3.83269517,17.3100
1628032665267000,1,4.23730483,17.3100
1628032665328000,1,5.34266266,17.3100
1628032826135000,1,3.68000000,17.2800
1628032826168000,1,0.00693614,17.2800
1628033904077000,1,3.51000000,17.2700
1628033904157000,1,0.00213733,17.2700
1628034390369000,1,3.47650430,17.2600
1628034787103000,1,3.43000000,17.2900
1628034787132000,1,0.00115372,17.2900
1628035023216000,1,2.85000000,17.1600
1628035023349000,1,0.00001310,17.1600
1628035045341000,1,2.82260569,17.1400
1628035045341000,1,7.05560881,17.1400
1628035045355000,1,0.00000001,17.1400
1628035067744000,1,2.71000000,17.1400
