timestamp ms,type,amount,price
1627949223710000,1,4.82541378,16.7200
1627949223710000,1,1.93041927,16.7200
1627949423717000,1,5.48000000,16.7700
1627949930371000,0,10.50000000,16.8100
1627950297752000,1,1.70000000,16.9600
1627950318489000,0,125.82775201,16.9800
1627950416896000,0,49.76354410,17.1800
1627950416896000,0,1.44003059,17.1800
1627950416898000,0,15.89026940,17.1800
1627950416899000,0,45.54359569,17.1800
1627950416899000,0,119.18647868,17.1800
1627950416948000,0,5.21674889,17.1800
1627950416948000,0,43.84616142,17.1800
1627950416987000,0,279.57025309,17.1800
1627950416988000,0,62.85681944,17.1900
1627950416988000,0,408.00000000,17.1900
1627950417326000,0,49.75253075,17.2000
1627950417326000,0,124.37714577,17.2000
1627950417326000,0,323.35087604,17.2000
1627950429059000,1,53.37000000,17.1800
1627950429078000,1,0.00019790,17.1800
1627950578021000,1,18.54154403,17.2200
1627950582348000,1,11.71280993,17.2000
1627950582396000,1,52.32459761,17.2000
1627950582573000,1,205.01000000,17.2000
1627950582795000,1,94.21186106,17.2000
1627950582921000,1,6.74073140,17.2000
1627950582921000,1,18.54154403,17.2000
1627950582921000,1,0.00000001,17.2000
1627950618741000,0,9.89999999,17.2500
1627950618746000,0,0.00000001,17.2500
1627950620222000,0,3.71509599,17.2900
1627950620242000,0,0.00000001,17.2900
1627950696939000,1,5.43591700,17.4300
1627950699850000,1,17.83000000,17.4400
1627950699982000,1,0.00238987,17.4400
1627950713790000,1,17.43116891,17.4400
1627950715696000,1,17.44196418,17.4300
1627950746510000,1,16.35000000,17.3300
1627950746592000,1,0.00780056,17.3300
1627950779562000,1,16.56153407,17.3500
1627950826331000,1,344.00000000,17.3900
1627950826331000,1,16.13146114,17.3900
1627950827590000,1,4.00000000,17.3500
1627950834194000,1,15.72184145,17.3700
1627950834753000,1,15.72184145,17.3600
1627950849169000,1,15.57343328,17.3400
1627950852312000,1,15.41427996,17.3100
1627950852312000,1,38.53569991,17.3100
1627950852870000,1,10.52800000,17.2900
1627950854654000,0,18.69999999,17.3400
1627950854657000,0,0.00000001,17.3400
1627950951989000,1,13.97000000,17.4200
1627950952096000,1,0.00132337,17.4200
1627951038634000,1,75.64000000,17.4400
1627951038651000,1,0.00267363,17.4400
1627951170675000,1,13.45758878,17.4900
1627951173642000,1,13.45758878,17.4700
1627951173642000,1,79.22722298,17.4700
1627951205629000,1,13.15987864,17.4900
1627951216167000,1,14.13188986,17.4700
1627951227238000,1,2.89000000,17.4400
1627951227254000,1,9.99086014,17.4400
1627951644272000,1,11.80934477,17.4700
1627951665926000,1,11.90284657,17.5000
1627951665936000,1,0.00000001,17.5000
1627952385866000,1,28.84754397,17.3800
1627952385866000,1,1.65245603,17.3800
1627952385906000,1,9.89041042,17.3800
1627952492376000,1,11.17000000,17.2400
1627952492422000,1,0.00148283,17.2400
1627952570408000,1,26.61465840,17.2000
1627952570408000,1,69.20877420,17.1900
1627952570408000,1,10.64697719,17.1900
1627952664876000,1,7.50814905,17.2000
1627952664876000,1,18.77037261,17.2000
1627952664880000,1,0.00000001,17.2000
1627952664920000,1,62.71650228,17.1900
1627952723421000,1,7.23000000,17.1500
1627952723493000,1,0.00331721,17.1500
1627952954094000,1,6.64000000,17.1100
1627953263418000,1,6.22805077,17.1400
1627953263418000,1,15.56194923,17.1400
1627953263441000,1,0.00454541,17.1400
1627953263800000,1,6.23000000,17.1300
1627953263848000,1,0.00103136,17.1300
1627953359890000,1,6.59000000,17.0800
1627953359901000,1,0.00117159,17.0800
1627953536034000,0,10.30000000,17.0700
1627953786130000,1,6.46000000,17.0300
1627953786200000,1,0.00299471,17.0300
1627953879941000,1,16.00880982,16.9900
1627953879941000,1,6.40209288,16.9900
1627953879941000,1,0.00000001,16.9900
1627953881018000,1,320.00000000,16.9800
1627953882301000,1,13.83000000,16.9700
1627953882361000,1,292.17000000,16.9700
1627953882361000,1,6.40209289,16.9700
1627953895391000,1,6.08983905,16.9600
1627953895391000,1,15.22459763,16.9600
1627953912818000,1,5.85665863,16.9500
1627953926805000,1,5.79083749,16.9400
1627953926805000,1,14.47658112,16.9400
1627953926805000,1,24.10715946,16.9400
1627953927153000,1,13.53000000,16.9400
1627954251646000,0,9.90000000,17.0600
1627954251646000,0,42.33550197,17.0600
1627954251651000,0,7.74966451,17.0600
1627954251667000,0,79.67481830,17.0700
1627954400728000,1,6.24311380,17.2300
1627954400728000,1,2.15728516,17.2300
1627954788554000,1,5.40000000,17.1800
1627954788584000,1,0.00328715,17.1800
1627954788688000,1,5.40000000,17.1800
1627954788690000,1,5.40000000,17.1800
1627954788943000,1,2.71434854,17.1800
1627955038324000,1,5.15000000,17.1100
1627955038428000,1,0.00513384,17.1100
1627955039561000,1,4.63000000,17.1000
1627955039561000,1,0.00771751,17.1000
1627955139796000,1,5.77747524,17.1400
1627955153160000,1,8.10524666,17.1400
1627955228546000,1,19.70871697,17.0200
1627955228546000,1,7.88117386,17.0200
1627955279073000,1,48.64100775,17.0300
1627955279073000,1,18.70802387,17.0300
1627955279073000,1,5.09749964,17.0300
1627955279133000,1,2.38799349,17.0300
1627956302703000,1,6.64330154,17.0200
1627956302703000,1,16.60669846,17.0200
1627956913684000,1,6.36202491,17.0800
1627956913685000,1,0.00000001,17.0800
1627956916998000,1,6.36202491,17.0500
1627956917000000,1,0.00000001,17.0500
1627959562022000,1,52.55541207,16.8100
1627959562036000,1,325.44458793,16.8100
1627959851522000,0,64.29238989,16.8000
1627959851522000,0,50.85354159,16.8000
1627959851522000,0,30.56980358,16.8100
1627959851532000,0,33.71549337,16.8100
1627959851532000,0,25.28099629,16.8100
1627959890422000,0,81.84885470,16.8500
1627961396907000,0,50.76489690,16.8300
1627961831523000,1,7.65207118,16.7100
1627962066492000,0,5.72300000,16.6800
1627962073717000,1,6.57443793,16.6700
1627964113520000,0,82.18212497,16.7500
1627964424663000,1,22.62000000,16.7900
1627964424714000,1,253.38000000,16.7900
1627964603310000,1,6.64000000,16.8300
1627964777340000,1,6.57000000,16.8300
1627964777411000,1,0.00111721,16.8300
1627965319623000,1,15.55690399,16.6700
1627965319623000,1,6.22309601,16.6700
1627965319678000,1,0.00033694,16.6700
1627965320236000,1,6.23067783,16.6600
1627965715137000,0,10.30000000,16.6300
1627966472860000,1,11.48878956,16.4900
1627966472860000,1,4.59977035,16.4900
1627966472860000,1,29.90632818,16.4900
1627966472862000,1,0.00000001,16.4900
1627966543990000,1,4.09000000,16.4400
1627966544082000,1,0.00564692,16.4400
1627966551568000,1,47.35736990,16.4200
1627966551568000,1,71.00022990,16.4200
1627966551568000,1,228.15240020,16.4200
1627966551756000,1,228.78000000,16.4200
1627966553611000,1,0.00264578,16.4200
1627966554206000,1,3.09000000,16.4000
1627966554263000,1,0.00048111,16.4000
1627966631391000,1,3.57000000,16.3600
1627966672146000,1,3.71896753,16.3100
1627966672146000,1,9.75758052,16.3100
1627966672146000,1,25.36970934,16.3100
1627966672151000,1,0.00000001,16.3100
1627966735764000,1,3.26000000,16.3900
1627966826640000,1,3.24000000,16.2900
1627966826704000,1,0.00686190,16.2900
1627966839451000,1,3.21368662,16.2700
1627966839452000,1,0.00000001,16.2700
1627966839480000,1,33.29773704,16.2600
1627966839493000,1,32.79191822,16.2600
1627966839493000,1,20.89229670,16.2600
1627966839493000,1,7.68263905,16.2600
1627966840013000,1,3.07309339,16.2600
1627966840093000,1,426.00000000,16.2500
1627967143013000,1,2.04750722,16.1300
1627967143013000,1,5.11249278,16.1300
1627967143068000,1,0.00633872,16.1300
1627967191401000,0,52.85886885,16.1800
1627967191401000,0,343.54047485,16.1800
1627967191401000,0,132.14394330,16.1800
1627967193220000,0,77.85868392,16.2000
1627967193767000,0,77.85868392,16.2000
1627967491002000,0,46.76412930,16.1900
1627967491058000,0,6.04391751,16.1900
1627967637301000,1,6.24000000,16.1400
1627967663349000,0,4.50844200,16.1400
1627967697750000,1,6.11000000,16.1200
1627967697756000,1,0.00967739,16.1200
1627967698255000,1,15.30128114,16.1100
1627967698255000,1,0.00871886,16.1100
1627967978033000,1,4.54000000,16.2300
1627968241998000,1,4.93000000,16.3300
1627968614879000,0,10.39999999,16.3400
1627968614881000,0,0.00000001,16.3400
1627968615223000,0,9.26435008,16.3500
1627968615421000,0,11.88660522,16.3500
1627968615432000,0,31.13836860,16.3500
1627969402373000,1,4.55000000,16.3500
1627969418116000,1,4.48000000,16.4100
1627969418129000,1,0.00832095,16.4100
1627969688017000,1,4.37000000,16.4600
1627969688132000,1,0.00356764,16.4600
1627970138900000,1,2.77637539,16.4200
1627970138900000,1,6.93840381,16.4200
1627970138900000,1,18.03522080,16.4200
1627970138909000,1,0.00462911,16.4200
1627970401187000,1,6.19030476,16.3400
1627970401187000,1,2.46969524,16.3400
1627971026960000,1,2.95041349,16.4800
1627971026960000,1,7.37361786,16.4800
1627971026978000,1,0.00000001,16.4800
1627971026978000,1,4.37712630,16.4800
1627971027018000,1,10.32000000,16.4800
1627971027024000,1,4.47311742,16.4800
1627971042446000,1,2.62740618,16.4200
1627971042526000,1,0.00000001,16.4200
1627974094979000,1,4.54050635,16.2800
1627974094979000,1,1.80949365,16.2800
1627974097283000,1,446.00000000,16.2500
1627974114803000,1,1.69843268,16.2400
1627974452876000,1,1.62640519,16.4000
1627974594029000,1,1.61072773,16.3800
1627975200989000,0,45.20883777,16.5200
1627976049206000,0,3.59100000,16.5300
1627976068429000,0,4.43100000,16.5500
1627976662791000,1,8.80000000,16.4400
1627978036486000,0,51.91653565,16.4300
1627978043071000,0,16.28398648,16.4400
1627979962879000,1,6.73690658,16.2900
1627979962879000,1,2.69309342,16.2900
1627979962910000,1,0.00497640,16.2900
1627980202847000,1,16.84557111,16.2900
1627980202847000,1,2.59162633,16.2900
1627980202847000,1,6.47280256,16.2900
1627980202859000,1,0.00626325,16.2900
1627981180736000,1,1.92402528,16.2300
1627981180736000,1,4.75597472,16.2300
1627981231937000,1,1.57000271,16.2100
1627981231937000,1,3.91999729,16.2100
1627981231941000,1,0.00486257,16.2100
1627981370018000,1,1.49352178,16.1800
1627981962545000,1,4.27518083,16.1100
1627981962545000,1,1.64511219,16.1100
1627991441700000,1,21.79000000,16.1100
1627991441754000,1,2.90000000,16.1100
1627991441872000,1,192.94950617,16.1100
1627991793402000,1,2.80000000,16.1100
1627991793635000,1,80.49000000,16.1100
1627991793748000,1,0.00099873,16.1100
1627992078428000,1,100.00000000,16.0000
1627992078428000,1,300.00000000,16.0000
1627992108567000,1,1.97005258,15.9300
1627992108664000,1,0.00000001,15.9300
1627992148860000,1,1.90956726,15.9700
1627992152181000,1,141.98000000,15.9400
1627992228401000,1,1.84562534,15.9100
1627992228401000,1,1.84483782,15.9100
1627992228401000,1,67.59282887,15.9000
1627992228401000,1,67.64560523,15.8900
1627992228401000,1,31.68514879,15.8900
1627992228576000,1,67.67307910,15.8800
1627992228603000,0,1.84562534,15.8900
1627992228605000,0,1.84483782,15.8900
1627992256587000,0,149.68038884,15.8900
1627992433721000,1,4.14000000,15.9700
1627992512424000,0,11.09999999,15.9800
1627992656343000,1,4.39000000,16.0300
1627992656355000,1,0.00191892,16.0300
1627992674813000,1,10.73551670,16.0200
1627992674813000,1,4.29448330,16.0200
1627992674849000,1,0.00015191,16.0200
1627992701434000,1,4.17000000,16.0200
1627992765981000,1,4.12000000,16.0500
1627992894312000,1,6.34000000,16.2400
1627992946458000,1,6.30000000,16.2800
1627993190083000,1,6.12000000,16.1800
1627993381228000,0,10.40000000,16.2000
1627993395748000,0,3.08607999,16.2300
1627993395752000,0,0.00000001,16.2300
1627993395796000,0,66.61179269,16.2400
1627993395796000,0,40.81861944,16.2400
1627993395854000,0,10.35989247,16.2400
1627993395856000,0,18.24488935,16.2400
1627993395858000,0,22.03349453,16.2400
1627993395860000,0,23.79929721,16.2400
1627993395879000,0,16.16167323,16.2400
1627993395879000,0,44.22279526,16.2400
1627993414405000,0,34.63682212,16.3900
1627993427191000,1,8.11322826,16.4000
1627993428372000,1,8.11322826,16.3900
1627993428402000,1,0.00000001,16.3900
1627993442705000,1,49.07434253,16.3700
1627993442705000,1,18.88714600,16.3700
1627993442705000,1,7.55651877,16.3700
1627993442705000,1,65.68228184,16.3600
1627993442705000,1,26.85538534,16.3600
1627993442924000,1,239.14461466,16.3600
1627993442924000,1,7.55651877,16.3600
1627993442924000,1,18.88714600,16.3600
1627993458050000,1,6.43960972,16.3000
1627993458089000,1,0.00000001,16.3000
1627993491386000,1,6.36000000,16.3100
1627993603161000,1,5.79000000,16.2800
1627993603338000,1,0.51409420,16.2800
1627993888180000,1,6.40000000,16.1900
1627993888220000,1,0.00340766,16.1900
1627993891854000,1,254.00000000,16.1800
1627993928601000,1,6.34000000,16.1500
1627993928647000,1,0.00734872,16.1500
1627994037702000,1,6.20000000,16.1700
1627994348261000,1,6.12000000,16.2000
1627994348313000,1,0.00028228,16.2000
1627994400873000,0,11.00000000,16.2500
1627994769347000,1,13.95224843,16.3200
1627994769347000,1,5.57775157,16.3200
1627994769390000,1,0.00314780,16.3200
1627995265304000,1,6.85000000,16.4800
1627995265398000,1,0.00656107,16.4800
1627995386535000,1,6.01151298,16.5000
1627995760674000,0,128.75465505,16.5800
1627995838674000,0,2.00000000,16.6500
1627995865820000,1,7.03000000,16.6600
1627995865846000,1,0.00172592,16.6600
1627995874232000,1,6.95000000,16.6600
1627995874233000,1,0.00295972,16.6600
1627995922174000,0,15.40064736,16.7100
1627995922325000,0,128.09819611,16.7200
1627995922360000,0,3.20309512,16.7200
1627995943931000,1,20.79375941,16.7300
1627995943931000,1,8.31720569,16.7300
1627995943948000,1,0.00000001,16.7300
1627996038862000,1,19.99814070,16.7100
1627996038862000,1,7.43968337,16.7100
1627996245911000,1,19.25938855,16.6900
1627996245911000,1,7.69061145,16.6900
1627996245942000,1,0.00945426,16.6900
1627996542247000,1,7.38000000,16.7200
1627996889280000,1,6.52478680,16.6600
1627996935366000,1,6.45000000,16.6700
1627996935385000,1,0.00228527,16.6700
1627997014388000,1,6.38000000,16.6600
1627997014408000,1,0.00313779,16.6600
1627997267782000,1,6.12000000,16.6800
1627997267802000,1,0.00653682,16.6800
1627997572803000,0,364.21580184,16.7700
1627997591347000,0,39.69538277,16.8200
1627997591355000,0,917.16782459,16.8200
1627998035015000,1,6.06000000,16.8300
1627998641564000,1,5.31000000,16.8600
1627998641574000,1,0.00005814,16.8600
1627999326713000,1,41.20865587,16.7700
1627999326807000,1,4.98545016,16.7700
1627999326866000,1,28.63000000,16.7600
1627999326886000,1,32.41160189,16.7600
1627999326886000,1,12.47134852,16.7600
1627999326886000,1,64.39900401,16.7500
1627999326886000,1,376.00000000,16.7500
1627999328478000,1,4.98545016,16.7200
1627999328478000,1,12.46454984,16.7200
1627999328899000,1,0.00679868,16.7200
1627999344281000,1,4.05729189,16.6800
1627999344281000,1,10.63270811,16.6800
1627999344306000,1,0.00808204,16.6800
1627999553910000,1,4.09000000,16.6900
1628000615630000,0,50.94674258,16.7600
1628001199723000,1,3.50010006,16.8600
1628001199802000,1,0.00000001,16.8600
1628001270592000,1,3.41844304,16.8700
1628001270592000,1,8.54155696,16.8700
1628001489073000,1,3.29000000,16.8200
1628001489126000,1,0.00334613,16.8200
1628001652944000,0,50.82516475,16.7900
1628001652944000,0,64.26345329,16.8000
1628001652944000,0,10.40000000,16.8000
1628001652944000,0,127.03125744,16.8000
1628001767033000,0,50.63617836,16.8600
1628001824882000,1,5.73611382,16.9000
1628001854239000,1,5.67000000,16.9000
1628002080383000,1,64.11952595,16.8100
1628002080383000,1,30.88211245,16.8100
1628002080383000,1,11.87209125,16.8100
1628002080383000,1,2.51787843,16.8100
1628002104881000,1,4.22000000,16.8800
1628002242762000,1,3.43000000,16.8600
1628002242930000,1,0.00533123,16.8600
1628002260494000,1,3.40000000,16.8300
1628002260560000,1,0.00140654,16.8300
1628002424044000,1,8.42520000,16.7700
1628002424044000,1,3.37120330,16.7700
1628002424046000,1,0.00000001,16.7700
1628002698805000,1,3.24000000,16.7600
1628002698857000,1,0.00330855,16.7600
1628002966530000,1,3.17385208,16.7500
1628003010548000,1,3.13000000,16.7600
1628003010620000,1,0.00793924,16.7600
1628003100476000,1,3.03000000,16.7400
1628003211160000,1,3.02155488,16.6200
1628003363766000,1,2.59000000,16.6300
1628003865582000,1,2.53037438,16.7600
1628003865582000,1,6.31962562,16.7600
1628003865596000,1,0.00668763,16.7600
1628003874178000,1,330.00000000,16.7300
1628003986297000,1,5.91044302,16.6500
1628003986297000,1,2.36409208,16.6500
1628003986446000,1,2.09922545,16.6500
1628003986446000,1,5.24806363,16.6500
1628004042976000,1,4.79935058,16.6800
1628004042976000,1,12.47756381,16.6800
1628004042976000,1,1.91918820,16.6800
1628004043200000,1,0.00000001,16.6800
1628004362287000,1,1.58292338,16.5600
1628004387506000,1,20.39000000,16.5300
1628004387528000,1,19.30538277,16.5300
1628004387528000,1,917.16782459,16.5300
1628004425221000,0,10.59999999,16.5600
1628004425229000,0,0.00000001,16.5600
1628005416558000,1,1.29513562,16.6700
1628005988313000,1,32.62000000,16.7400
1628005988333000,1,42.15837514,16.7400
1628006025013000,1,2.88000000,16.7400
1628006025035000,1,0.00401989,16.7400
1628006093209000,1,2.79000000,16.7700
1628006093260000,1,0.00784982,16.7700
1628006307933000,1,7.05873334,16.7900
1628006588427000,1,2.52000000,16.7700
1628006589986000,1,0.00035185,16.7700
1628007538740000,1,1.50879742,16.6600
1628007700279000,1,1.49424196,16.6500
1628007854890000,1,1.48184763,16.6000
1628008193979000,1,1.46321592,16.6200
1628008193979000,1,3.65786379,16.6200
1628008193979000,1,9.21590979,16.6200
1628009018220000,1,11.00000000,16.6900
1628009021396000,1,11.00000000,16.6900
1628009025643000,1,3.00652647,16.7000
1628009025643000,1,7.99347353,16.7000
1628009028364000,1,11.00000000,16.7000
1628009031611000,1,11.00000000,16.7000
1628009036971000,1,2.92038833,16.7100
1628009036971000,1,8.07961167,16.7000
1628009041410000,1,2.83663145,16.7100
1628009041410000,1,7.37321385,16.7100
1628009041410000,1,0.79015470,16.7100
1628009046075000,1,11.00000000,16.7000
1628009050732000,1,6.63096688,16.7100
1628009050732000,1,2.55037188,16.7100
1628009050732000,1,1.81866124,16.7100
1628009056675000,1,2.29127320,16.7200
1628009056675000,1,5.95602850,16.7200
1628009056675000,1,2.75269830,16.7200
1628009060422000,1,11.00000000,16.7200
1628009065841000,1,11.00000000,16.7200
1628009070364000,1,11.00000000,16.7200
1628009081739000,1,6.21000000,16.7100
1628009336959000,1,2.04226977,16.8600
1628009336960000,1,0.00000001,16.8600
1628009471985000,0,2.92581881,16.9200
1628009567422000,0,50.30376277,16.9500
1628009567422000,0,76.01610358,16.9500
1628009567637000,0,10.55629699,16.9500
1628009567644000,0,15.83277136,16.9500
1628009567678000,0,23.35136476,16.9500
1628009586150000,0,104.27500000,17.0000
1628009593517000,0,43.99867582,17.0100
1628009601889000,1,1.47925796,17.0000
1628009601889000,1,63.35391606,16.9900
1628009601889000,1,9.61732533,16.9900
1628009601889000,1,3.69901478,16.9900
1628009601918000,1,0.00000001,16.9900
1628009675596000,0,35.69412353,17.0600
1628009676104000,0,3.56725663,17.0600
1628009681637000,0,3.06384580,17.0600
1628009681916000,0,321.89057588,17.0600
1628009894648000,0,728.43160368,17.1200
1628009902987000,1,1.45541247,17.1200
1628010064116000,0,21.79000000,17.1500
1628010064116000,0,2.90000000,17.1500
1628010064116000,0,192.94950617,17.1500
1628010735729000,1,52.11000000,17.0300
1628010735741000,1,309.89000000,17.0300
1628011433928000,1,52.86000000,16.9900
1628011433947000,1,0.00815773,16.9900
1628012585127000,1,3.85395644,16.8900
1628012585127000,1,1.48136216,16.8900
1628013200129000,1,3.47864955,16.8100
1628013200129000,1,1.33135045,16.8100
1628013200139000,1,0.00628977,16.8100
1628013306288000,1,308.13000000,16.7400
1628013306408000,1,0.00996372,16.7400
1628013347426000,1,3.04971532,16.7600
1628013348039000,1,114.51760900,16.7500
1628013348896000,1,255.48000000,16.7500
1628013348997000,1,0.00239100,16.7500
1628013438874000,1,104.27000000,16.7300
1628013438917000,1,0.00500000,16.7300
1628013441882000,1,35.69412353,16.7200
1628013441882000,1,3.56725663,16.7200
1628013441882000,1,3.06384580,16.7200
1628013441882000,1,321.89057588,16.7200
1628014119934000,1,78.37000000,16.6200
1628014120311000,1,650.06160368,16.6200
1628014187775000,0,7.53488767,16.6600
1628014187776000,0,43.64168643,16.6600
1628014772277000,1,1.32559316,16.6700
1628015242769000,1,73.45000000,16.7200
1628015242775000,1,312.55000000,16.7200
1628015417034000,1,100.62000000,16.7000
1628015417092000,1,225.38000000,16.7000
1628015419363000,1,348.00000000,16.6900
1628015462136000,1,1.39866271,16.6400
1628017273908000,1,1.32525804,16.9000
1628018695647000,0,50.22825338,16.9800
1628018695661000,0,63.66724754,16.9900
1628018695661000,0,0.47940773,16.9900
1628018695831000,0,126.70000000,16.9900
1628018695875000,0,199.19722612,16.9900
1628018695875000,0,125.51013163,16.9900
1628018695944000,0,50.20044380,16.9900
1628018696394000,0,242.00000000,17.0000
1628018701827000,1,292.00000000,17.0400
1628018724076000,1,18.65054835,17.0400
1628018724076000,1,7.45829473,17.0400
1628019099546000,1,5.04963645,17.0900
1628019099580000,1,2.09545284,17.0900
1628019514160000,1,6.59000000,17.0000
1628019514181000,1,0.00385832,17.0000
1628019880163000,1,6.50439500,17.0600
1628019930120000,0,63.14591064,17.1300
1628019930120000,0,49.77995275,17.1300
1628019974169000,1,6.82512918,17.1800
1628019974178000,1,0.00000001,17.1800
1628020238536000,1,6.75707951,17.1600
1628020238536000,1,16.88292049,17.1600
1628020238539000,1,0.00623556,17.1600
1628020268748000,1,6.42000000,17.1200
1628020268795000,1,0.00648222,17.1200
1628020377677000,1,6.38732865,17.0400
1628020377829000,1,0.00000001,17.0400
1628020397378000,1,3.49000000,16.9900
1628020397464000,1,153.37000000,16.9900
1628020621969000,0,9.90000000,16.9900
1628020621969000,0,0.60000000,17.0000
1628020634793000,1,6.26357738,16.9800
1628020634801000,1,0.00000001,16.9800
1628020674157000,1,6.21157109,16.9400
1628020674192000,1,0.00000001,16.9400
1628020699509000,1,6.14190606,16.9300
1628020699523000,1,0.00000001,16.9300
1628020700138000,1,15.36111222,16.9200
1628020700138000,1,6.14190606,16.9200
1628020700189000,1,0.00000001,16.9200
1628021166643000,1,346.00000000,16.8400
1628021285009000,1,9.86407693,16.8100
1628021285175000,1,5.61702161,16.8100
1628021369558000,1,5.42000000,16.8600
1628021369601000,1,0.00971446,16.8600
1628021550224000,1,5.37000000,16.8500
1628021676201000,1,5.32000000,16.8100
1628022510711000,1,4.97000000,16.9600
1628022510734000,1,0.00863931,16.9600
1628022525995000,1,4.92000000,16.9500
1628022881965000,1,4.41379600,16.9800
1628022881978000,1,0.09007747,16.9800
1628022986177000,1,4.41000000,16.9500
1628022986209000,1,0.00083894,16.9500
1628023140621000,1,4.38000000,16.8500
1628023140643000,1,0.00903665,16.8500
1628023278032000,1,4.33996854,16.8400
1628023278035000,1,0.00000001,16.8400
1628023282013000,1,4.33000000,16.8200
1628023401710000,1,4.24273715,16.8400
1628023401711000,1,0.00000001,16.8400
1628023470691000,1,4.19204466,16.8600
1628023683168000,1,3.61981090,16.9300
1628023683205000,1,0.00000001,16.9300
1628023771525000,1,3.38332147,16.8600
1628024174221000,1,362.00000000,16.8900
1628024624872000,1,24.05000000,16.9900
1628024624888000,1,243.95000000,16.9900
1628024751573000,0,3.40000000,16.9500
1628024954856000,1,3.38000000,16.9800
1628024954862000,1,0.00934888,16.9800
1628025010159000,1,3.53000000,17.0300
1628025010216000,1,0.00854192,17.0300
1628025433001000,1,3.48000000,17.0900
1628025433034000,1,0.00868722,17.0900
1628025451976000,1,3.45000000,17.0700
1628025458474000,1,111.58000000,17.0400
1628025458541000,1,142.42000000,17.0400
1628025542432000,1,3.99000000,16.9600
1628025542482000,1,0.00531164,16.9600
1628026190120000,1,3.94000000,17.0100
1628026662416000,0,10.10000000,17.0100
1628028685878000,0,2.76212741,17.1100
1628028897250000,0,700.00000000,17.1500
1628028971405000,1,9.31702956,17.1500
1628028971405000,1,3.58681332,17.1500
1628028971405000,1,1.42615712,17.1500
1628028971411000,1,0.00880229,17.1500
1628028971769000,1,1.43495941,17.1400
1628028971769000,1,9.32504059,17.1400
1628028971782000,1,0.00339146,17.1400
1628029445432000,1,2.86447955,17.2600
1628029445436000,1,0.00000001,17.2600
1628029487259000,1,2.79042529,17.2200
1628029511590000,1,2.70000000,17.2200
1628029511630000,1,0.00984822,17.2200
1628029543474000,0,20.82832931,17.3000
1628029607060000,1,2.03149481,17.3500
1628029607073000,1,0.00000001,17.3500
1628029865955000,1,1.96790059,17.4000
1628029866017000,1,0.00000001,17.4000
1628030899648000,1,1.38436475,17.1800
1628030899648000,1,3.59771633,17.1800
1628030899909000,1,1.38436475,17.1700
1628030899909000,1,3.59771633,17.1700
1628031911490000,1,2.21000000,17.2600
1628031911510000,1,0.00523968,17.2600
1628032040404000,0,10.20000000,17.2300
1628032564261000,1,3.87000000,17.3300
1628032665267000,1,3.83269517,17.3100
1628032665267000,1,4.23730483,17.3100
1628032665328000,1,5.34266266,17.3100
1628032826135000,1,3.68000000,17.2800
1628032826168000,1,0.00693614,17.2800
1628033904077000,1,3.51000000,17.2700
1628033904157000,1,0.00213733,17.2700
1628034390369000,1,3.47650430,17.2600
1628034787103000,1,3.43000000,17.2900
1628034787132000,1,0.00115372,17.2900
1628035023216000,1,2.85000000,17.1600
1628035023349000,1,0.00001310,17.1600
1628035045341000,1,2.82260569,17.1400
1628035045341000,1,7.05560881,17.1400
1628035045355000,1,0.00000001,17.1400
1628035067744000,1,2.71000000,17.1400
1628035067765000,1,0.00131772,17.1400
1628035286848000,1,30.87000000,17.2000
1628035286994000,1,319.13000000,17.2000
1628035350717000,1,2.66000000,17.2500
1628035350759000,1,0.00385186,17.2500
1628035397377000,1,2.96000000,17.2100
1628035406589000,1,2.83000000,17.1900
1628035406589000,1,0.00615330,17.1900
1628035418505000,1,2.80000000,17.1600
1628035418565000,1,0.00912649,17.1600
1628035441005000,1,2.78000000,17.1200
1628035629319000,1,2.30000000,17.0600
1628035629393000,1,0.00470489,17.0600
1628035631808000,1,2.30470488,17.0400
1628035631808000,1,0.00000001,17.0400
1628036059904000,1,1.28476685,16.9600
1628036089018000,1,1.27201025,16.9200
1628036089018000,1,3.18227984,16.9200
1628036089154000,1,0.00000001,16.9200
1628036170745000,1,1.20257686,17.0000
1628036170745000,1,3.00753824,17.0000
1628036170953000,0,17.56816061,17.0000
1628036271150000,0,10.40000000,17.0100
1628036717367000,1,2.89233679,16.9800
1628036721268000,1,7.52423929,16.9600
1628036721268000,1,2.89277955,16.9600
1628036761175000,1,2.52131452,16.9500
1628037048017000,0,10.40000000,16.9300
1628037214201000,1,2.38000000,17.0000
1628037214205000,1,0.00947703,17.0000
1628037478408000,1,2.33000000,17.0400
1628037603171000,1,2.30000000,17.0000
1628037954907000,1,2.27174549,17.0900
1628038098909000,1,2.24540110,17.0900
1628038188845000,0,22.23880777,17.1300
1628038188846000,0,40.75236762,17.1300
1628038189241000,0,124.53069870,17.1400
1628038189241000,0,323.82718052,17.1400
1628038189241000,0,49.81281753,17.1400
1628038724363000,1,4.01965700,17.2800
1628038747462000,1,326.00000000,17.2700
1628038886384000,1,18.38907867,17.2600
1628038886384000,1,6.84173889,17.2600
1628038966639000,1,46.23000000,17.1600
1628038966658000,1,0.00335387,17.1600
1628039126011000,1,6.11150221,17.2000
1628039465646000,1,6.05312405,17.1800
1628039465646000,1,15.13034471,17.1800
1628039853967000,1,3.63000000,17.2200
1628039982739000,1,23.37461244,17.1900
1628039982739000,1,8.99274411,17.1900
1628039982739000,1,3.59776689,17.1900
1628039982741000,1,0.00000001,17.1900
1628039982748000,1,55.30892732,17.1800
1628039982750000,1,7.40092854,17.1800
1628039982750000,1,153.45784838,17.1800
1628039982750000,1,14.03256569,17.1800
1628039983040000,1,3.59776690,17.1800
1628039990767000,1,3.16057253,17.1500
1628039995448000,1,3.16057253,17.1400
1628040094143000,1,3.07000000,17.2100
1628040347363000,0,10.98489250,17.2100
1628040753314000,1,2.91155231,17.2900
1628040753314000,1,3.03643969,17.2800
1628040928148000,0,49.31604397,17.3000
1628040928948000,0,320.51207775,17.3000
1628040928948000,0,123.28601046,17.3000
1628040984659000,0,38.35103678,17.3100
1628040984679000,0,0.00000001,17.3100
1628041001514000,0,33.32426516,17.3200
1628041065104000,1,12.06021154,17.3300
1628041195003000,1,10.47780222,17.2700
1628041198393000,1,10.48835901,17.2600
1628041229959000,1,10.24526603,17.2800
1628041307710000,1,25.34259554,17.2500
1628041307710000,1,10.14161868,17.2500
1628041324096000,1,9.75799608,17.2300
1628041443713000,1,9.65372028,17.2200
1628041511208000,1,9.52000000,17.2500
1628041535123000,1,9.42865749,17.2400
1628041616180000,1,9.32000000,17.2300
1628041616195000,1,0.00516737,17.2300
1628041996026000,1,9.14000000,17.1700
1628042595056000,1,21.37062328,17.3100
1628042595056000,1,8.54943367,17.3100
1628042595056000,1,15.82994305,17.3100
1628042595076000,1,39.73750130,17.3100
1628042725498000,1,5.91000000,17.3300
1628042725548000,1,1.67231544,17.3300
1628042735594000,1,7.50000000,17.3100
1628042735651000,1,0.00707249,17.3100
1628043372355000,1,7.60000000,17.1500
1628043372399000,1,0.00951793,17.1500
1628043471168000,1,7.54000000,17.1000
1628043498958000,1,7.47382577,17.0800
1628043498958000,1,62.83046458,17.0700
1628043498958000,1,3.19720469,17.0700
1628043499664000,1,18.68150254,17.0500
1628043499664000,1,48.57849746,17.0500
1628043554894000,1,5.50473024,17.0500
1628043554894000,1,13.75526976,17.0500
1628043567372000,1,76.26815845,17.0400
1628043568489000,1,13.07880534,17.0300
1628043568489000,1,34.00500465,17.0300
1628043568489000,1,5.23545454,17.0300
1628043570809000,1,5.23545454,17.0100
1628043583124000,1,4.58888077,17.0300
1628043590116000,1,4.58888077,17.0100
1628043590116000,1,11.48001724,17.0100
1628043597889000,1,4.36168038,17.0100
1628043614064000,1,4.30823443,17.0300
1628043621136000,1,4.26012828,17.0300
1628043814389000,1,4.21000000,17.0100
1628043878636000,1,10.38836572,17.0600
1628043878636000,1,4.15563833,17.0600
1628044359608000,1,16.24224121,17.0100
1628044359975000,1,105.60931714,17.0000
1628044359975000,1,40.61068286,17.0000
1628044360329000,1,0.00751132,17.0000
1628044674104000,0,10.10000000,17.0700
1628045175292000,1,14.11331200,16.9800
1628045317077000,1,73.41507198,16.9600
1628045520017000,1,30.46979851,16.9500
1628045520017000,1,12.18993840,16.9500
1628046963948000,1,11.57238307,16.9700
1628046963948000,1,28.92380010,16.9700
1628047041178000,1,11.12266553,16.9600
1628047048128000,1,10.87329915,16.9400
1628047048128000,1,70.68451711,16.9400
1628047048128000,1,27.18741532,16.9400
1628047058064000,1,9.79243608,16.9200
1628047069654000,1,9.68657186,16.9200
1628047077496000,1,9.57965601,16.9200
1628047078764000,1,23.94517818,16.9100
1628047078764000,1,9.57965601,16.9100
1628047079896000,1,9.57965601,16.9000
1628047103594000,1,8.99112147,16.9100
1628047107308000,1,58.45894146,16.9000
1628047122045000,1,8.23836028,16.9000
1628047146579000,1,8.14606726,16.9000
1628047153890000,1,8.05490074,16.9000
1628047185662000,0,50.35348126,16.9200
1628047185667000,0,0.00000001,16.9200
1628047226590000,1,8.38910925,16.9200
1628047226627000,1,0.00000001,16.9200
1628047319509000,1,8.31684383,16.8700
1628047319509000,1,20.79284876,16.8700
1628047448140000,1,7.99170993,16.8700
1628047717236000,1,7.89281560,16.8800
1628047784579000,1,7.81758448,16.8600
1628049098989000,1,7.51609435,17.0000
1628049126800000,1,344.00000000,16.9700
1628049126800000,1,7.44523254,16.9700
1628049219277000,1,7.37410183,16.9400
1628049600085000,1,7.31673573,16.8800
1628049670636000,1,5.62933195,16.8700
1628049670636000,1,14.07316313,16.8700
1628049715617000,1,5.40969234,16.8700
1628049917238000,1,5.32975958,16.9300
1628050198865000,1,5.08697973,16.8500
1628050198866000,1,0.00000001,16.8500
1628050198866000,1,5.08697972,16.8500
1628050198867000,1,5.08697973,16.8500
1628050198917000,1,2.53926529,16.8500
1628050199152000,1,3.88945160,16.8400
1628050199285000,1,15.99951087,16.8400
1628050384264000,1,11.59824055,16.8200
1628050384264000,1,30.14646767,16.8200
1628050384264000,1,4.63791810,16.8200
1628050399662000,1,4.12874517,16.7600
1628050399662000,1,10.32050995,16.7600
1628051035528000,1,3.87513763,16.7900
1628051040838000,1,78.29897369,16.7800
1628051831929000,1,3.50377409,16.8100
1628052307723000,1,3.44786487,16.8800
1628053159798000,1,3.40990562,16.8800
1628053855510000,1,3.32641185,17.1100
1628053865905000,1,3.28661559,17.1200
1628053893960000,1,3.25155228,17.1100
1628053904757000,1,3.21630486,17.1000
1628053905503000,1,8.03935280,17.0900
1628053905503000,1,3.21867471,17.0900
1628054171311000,1,3.06078677,17.0700
1628054360116000,1,3.01000000,17.1200
1628054360143000,1,0.00765471,17.1200
1628054533666000,1,2.95000000,17.0900
1628055451032000,1,2.91000000,17.0900
1628055451098000,1,0.00886330,17.0900
1628055515476000,1,2.89958518,17.0200
1628055515476000,1,7.24041482,17.0200
1628055515485000,1,0.00897378,17.0200
1628055557804000,1,2.78314379,17.0400
1628055562540000,1,2.75339165,17.0300
1628055845581000,1,2.73000000,16.9800
1628055845695000,1,0.00094197,16.9800
1628056264252000,0,50.11125660,17.0100
1628056308760000,1,356.75000000,17.0200
1628056308857000,1,3.25000000,17.0200
1628056442465000,1,418.00000000,16.9300
1628056442465000,1,8.18124624,16.9300
1628056442465000,1,3.26875376,16.9300
1628056510831000,1,3.14000000,16.9200
1628056510850000,1,0.00747781,16.9200
1628056747298000,1,3.11221190,16.9200
1628056747305000,1,0.00000001,16.9200
1628056747793000,1,7.78052978,16.9100
1628056747793000,1,3.10947022,16.9100
1628056747842000,1,0.00274169,16.9100
1628057883046000,1,3.25260491,16.8700
1628058063823000,1,3.16109685,16.8100
1628058417417000,1,3.15000000,16.8200
1628058417458000,1,0.00416642,16.8200
1628058670239000,1,3.04898551,16.8600
1628058682614000,1,700.00000000,16.8500
1628059458920000,1,3.06000000,16.9000
1628059458935000,1,0.00969515,16.9000
1628059583281000,1,3.00092961,16.8900
1628059743699000,1,2.97595224,16.8400
1628060169263000,1,3.24042982,16.7800
1628060189043000,1,3.16944967,16.7700
1628060240244000,1,3.17000000,16.7600
1628060315289000,1,20.39062500,16.7400
1628060315289000,1,7.84582505,16.7400
1628060315289000,1,0.22354995,16.7400
1628060315317000,1,2.91507983,16.7400
1628060648906000,1,2.78000000,16.7500
1628060648927000,1,0.00555120,16.7500
1628060650912000,1,2.78000000,16.7400
1628060652858000,1,2.75665261,16.7300
1628060743070000,1,6.71967941,16.7600
1628060743070000,1,2.68032059,16.7600
1628060743106000,1,0.00844859,16.7600
1628060744276000,1,2.69281500,16.7400
1628060792962000,1,2.55000000,16.7300
1628060793010000,1,0.00847924,16.7300
1628061302051000,1,2.50384657,16.6800
1628061454736000,1,2.48387680,16.6200
1628061454736000,1,0.00000001,16.6200
1628061512293000,1,2.45953132,16.6000
1628062213775000,1,2.13500078,16.5800
1628062213775000,1,34.98766000,16.5800
1628062213775000,1,5.34110532,16.5800
1628062354018000,1,5.13352149,16.5700
1628062354018000,1,13.34651196,16.5700
1628062354018000,1,2.04996655,16.5700
1628062354035000,1,0.00341728,16.5700
1628063450543000,1,1.67805042,16.6100
1628063450545000,1,0.00000001,16.6100
1628063460905000,1,1.66020027,16.5800
1628063460905000,1,4.14979973,16.5800
1628063460926000,1,0.00320130,16.5800
1628063462476000,1,4.15985996,16.5600
1628063462476000,1,1.66394398,16.5600
1628063506729000,1,1.53491086,16.5500
1628064118937000,1,10.57517729,16.6100
1628064989232000,1,1.44450275,16.6700
1628064989232000,1,3.61030416,16.6700
1628064989270000,1,0.00000001,16.6700
1628064990110000,1,1.44403509,16.6600
1628065340732000,1,1.36603162,16.5400
1628065340732000,1,3.41396838,16.5400
1628065340904000,1,0.00226653,16.5400
1628065403996000,1,1.27224509,16.5300
1628066715402000,1,7.68000000,16.4900
1628066715403000,1,0.00535808,16.4900
1628067006942000,1,400.00000000,16.4500
1628067059661000,1,3.62466293,16.4500
1628067506537000,0,43.08725020,16.5800
1628067506537000,0,107.66121070,16.5800
1628067764421000,0,7.62000000,16.5400
1628067764469000,0,29.24089154,16.5400
1628068020547000,0,6.00845410,16.5600
1628068391664000,0,3.19296468,16.6100
1628068391675000,0,38.67731247,16.6100
1628068391689000,0,9.33897781,16.6100
1628068392150000,0,51.17905210,16.6200
1628068394481000,0,64.74467709,16.6400
1628068394481000,0,78.80216054,16.6400
1628068394481000,0,51.13965708,16.6400
1628068394481000,0,121.39553236,16.6400
1628068507176000,1,78.68000000,16.6000
1628069500283000,1,13.28000000,16.5700
1628070078383000,1,11.72000000,16.5200
1628070078552000,1,0.00707653,16.5200
1628070102848000,0,51.51389440,16.5200
1628070365811000,1,11.73000000,16.5700
1628070365865000,1,0.00164253,16.5700
1628070365865000,1,11.72835747,16.5700
1628070367813000,1,314.00000000,16.5600
1628070425036000,0,51.37000000,16.5500
1628070425050000,0,0.00499121,16.5500
1628070554803000,0,2.46000000,16.5500
1628071089364000,0,9.49000000,16.5700
1628071089438000,0,41.82800459,16.5700
1628071225707000,1,12.64283162,16.5800
1628071225707000,1,31.60098128,16.5800
1628071225707000,1,82.15351709,16.5800
1628071289552000,0,18.01000000,16.5800
1628071313307000,0,0.00032430,16.5800
1628071887862000,0,51.37000000,16.5500
1628071887900000,0,0.00669175,16.5500
1628072135025000,1,29.14505811,16.4800
1628072135025000,1,11.66339704,16.4800
1628072135025000,1,75.80710184,16.4800
1628072713920000,1,9.59000000,16.5200
1628072713947000,1,0.00246505,16.5200
1628073058579000,0,51.11000000,16.6400
1628073058606000,0,0.00331667,16.6400
1628073060382000,0,332.32695794,16.6500
1628073060382000,0,118.59614801,16.6500
1628073550236000,1,15.11000000,16.6400
1628073550283000,1,0.00459798,16.6400
1628077715446000,1,13.45000000,16.6800
1628078088778000,1,13.25000000,16.7000
1628078088797000,1,0.00100627,16.7000
1628079513629000,0,13.23139551,16.8100
1628079513753000,0,318.76860449,16.8100
1628079513753000,0,330.00000000,16.8200
1628079648155000,1,12.12908097,16.8600
1628079899669000,1,11.90422455,16.9800
1628079906196000,1,11.77000000,16.9800
1628079906232000,1,0.00324382,16.9800
1628079927705000,0,50.13023550,16.9900
1628079940756000,1,12.19000000,16.9900
1628079940793000,1,0.00841556,16.9900
1628079949226000,1,11.82662956,16.9700
1628079958365000,0,50.13000000,16.9900
1628080107457000,0,10.50000000,16.9700
1628080107457000,0,50.21598625,16.9700
1628080107457000,0,24.62402553,16.9700
1628080500089000,0,32.39000000,16.9900
1628080500122000,0,92.94736931,16.9900
1628080500122000,0,50.13080289,16.9900
1628080623308000,1,12.74044523,16.9500
1628080715315000,1,9.90000000,17.0200
1628080719370000,1,12.55000000,17.0100
1628080719466000,1,0.00511266,17.0100
1628081047957000,0,309.55000000,17.1000
1628081048183000,0,72.45000000,17.1000
1628081076438000,1,12.37000000,17.0700
1628081076446000,1,0.00113237,17.0700
1628081259748000,1,12.03000000,17.1500
1628081259777000,1,0.00217351,17.1500
1628081558753000,0,61.51102758,17.1800
1628081881102000,1,11.86000000,17.2100
1628081881143000,1,0.00164008,17.2100
1628081887513000,0,49.47000000,17.2300
1628081887541000,0,0.00557965,17.2300
1628082081273000,1,11.59000000,17.2500
1628082081339000,1,0.60669578,17.2500
1628082218079000,0,62.60695743,17.2100
1628082218079000,0,62.73870975,17.2200
1628082218079000,0,352.25308666,17.2200
1628082220373000,0,2.48000000,17.2100
1628082220404000,0,0.00125600,17.2100
1628082379615000,1,12.16000000,17.1100
1628082379630000,1,0.00255813,17.1100
1628082537702000,0,8.00007112,17.2500
1628082585876000,0,48.61814223,17.1900
1628082612315000,0,48.61022240,17.2000
1628082658951000,0,49.63000000,17.1900
1628082871223000,1,10.20000000,17.1800
1628082871223000,1,35.95407592,17.1700
1628082871404000,1,79.99308391,17.1700
1628082871404000,1,30.76664429,17.1700
1628082871404000,1,12.31052553,17.1700
1628083004275000,1,27.43672946,17.0900
1628083004275000,1,10.97327054,17.0900
1628083004290000,1,0.00077974,17.0900
1628083011408000,0,49.88000000,17.0900
1628083011415000,0,0.00264897,17.0900
1628083323716000,0,49.59749033,17.1900
1628083557254000,1,12.12119785,17.2400
1628083562534000,1,11.98491384,17.2500
1628083582203000,1,11.84829842,17.2400
1628083593766000,1,11.59130991,17.2300
1628083608927000,1,11.58338935,17.2500
1628083622031000,1,11.44966449,17.2600
1628083648800000,1,11.20153955,17.2400
1628083671379000,1,11.06679044,17.2600
1628083883957000,0,1163.38000000,17.4000
1628083884615000,0,236.62000000,17.4000
1628083935706000,0,49.06689139,17.3800
1628083935709000,0,0.00000001,17.3800
1628083935875000,0,122.66445563,17.3900
1628083935875000,0,49.04487312,17.3900
1628083935875000,0,318.75171840,17.4000
1628083936318000,0,49.03810224,17.4000
1628083936318000,0,122.59248667,17.4000
1628083936734000,0,48.93676291,17.4300
1628083936734000,0,122.33323709,17.4300
1628083959782000,1,21.31000000,17.4100
1628083959805000,1,0.00489871,17.4100
1628084071664000,0,62.03692738,17.3500
1628084073704000,0,21.46000000,17.3500
1628084316143000,1,14.45100000,17.4600
1628084329170000,0,624.18000000,17.5000
1628084329221000,0,0.00815700,17.5000
1628084347008000,1,20.75669882,17.5400
1628084349384000,1,20.75669882,17.5300
1628084398579000,1,132.12816861,17.5000
1628084398579000,1,50.80876220,17.5000
1628084398579000,1,16.26417135,17.5000
1628084466365000,1,4.12200000,17.5900
1628084470886000,1,7.18800000,17.6000
1628084483494000,1,17.86009204,17.6000
1628084484451000,1,17.86000000,17.5800
1628084539328000,1,17.53871214,17.5100
1628084539328000,1,43.84712589,17.5100
1628084574990000,1,16.87962241,17.4900
1628084605511000,1,16.68000000,17.4900
1628084605530000,1,0.00616521,17.4900
1628084648074000,1,16.33000000,17.4800
1628084648084000,1,0.00250701,17.4800
1628084689817000,1,16.14948917,17.4700
1628084772695000,1,15.50689997,17.4300
1628084813670000,0,310.00000000,17.4300
1628084819783000,1,15.64000000,17.4300
1628084819867000,1,0.00953975,17.4300
1628085347709000,1,15.31366943,17.4100
1628085427007000,1,75.06000000,17.4000
1628085427041000,1,0.00954671,17.4000
1628085440832000,1,79.15897989,17.3900
1628085633912000,0,79.92000000,17.4600
1628085877599000,1,14.99548141,17.3800
1628085968059000,1,14.70377049,17.3300
1628085968060000,1,0.00000001,17.3300
1628085968063000,1,95.52933603,17.3200
1628085968063000,1,36.74459734,17.3200
1628085968201000,1,14.70953855,17.3200
1628085982219000,0,49.18000000,17.3200
1628086391025000,1,13.13889562,17.3700
1628086391036000,1,0.26814073,17.3700
1628086612442000,1,13.22554597,17.4100
1628086632246000,1,80.50457495,17.3800
1628086753746000,1,13.14534869,17.3100
1628086969516000,1,80.27000000,17.3400
1628086969719000,1,0.00686205,17.3400
1628087505981000,1,12.17000000,17.3800
1628087605031000,1,12.04000000,17.3600
1628088062151000,1,11.91279115,17.3600
1628088429220000,1,274.00000000,17.4200
1628089013880000,1,11.30459741,17.4100
1628089013880000,1,3.17940259,17.4100
1628089014089000,1,13.09400000,17.4100
1628089201911000,0,48.89000000,17.4200
1628089209052000,0,76.80000000,17.4300
1628089219678000,1,12.26000000,17.4200
1628089219817000,1,0.00358799,17.4200
1628089577031000,1,4.57400000,17.5900
1628089581264000,1,4.57300000,17.5900
1628089591156000,1,11.78074151,17.5800
1628089595292000,1,10.40000000,17.5800
1628089731760000,1,11.05000000,17.6000
1628089895892000,0,55.76024750,17.6700
1628089895980000,0,22.01000000,17.6700
1628089896039000,0,98.57927470,17.6700
1628089896039000,0,48.22638105,17.6700
1628089896072000,0,313.43077080,17.6800
1628089896457000,0,48.22638105,17.6800
1628089896582000,0,181.36000000,17.6900
1628089896938000,0,50.64000000,17.6900
1628089931891000,1,3.68000000,17.7100
1628089993675000,1,6.84000000,17.8000
1628089999657000,1,3.06400000,17.8100
1628090001767000,0,60.74831243,17.8300
1628090001767000,0,60.70676466,17.8400
1628090001767000,0,2.00000000,17.8500
1628090001767000,0,26.27933655,17.8500
1628090001893000,0,34.39834783,17.8500
1628090027480000,1,4.09200000,17.8200
1628090133343000,1,15.69821346,17.8100
1628090171252000,1,15.60000000,17.7200
1628090171295000,1,0.00029945,17.7200
1628090177581000,1,15.45000000,17.7000
1628090224875000,1,38.25228865,17.6600
1628090224875000,1,15.30469466,17.6600
1628090361305000,1,13.41080610,17.7500
1628090407434000,0,76.61671524,17.7700
1628090482198000,1,60.77977808,17.7300
1628090482198000,1,86.23630382,17.7300
1628090482198000,1,12.46033265,17.7300
1628090482377000,1,12.95000000,17.7300
1628090482403000,1,0.31535511,17.7300
1628090482582000,1,33.19000000,17.7200
1628091103496000,1,77.82653304,17.6100
1628091166873000,0,48.32776634,17.6200
1628091167404000,0,48.30692666,17.6300
1628091713035000,1,61.20052413,17.6100
1628091713035000,1,262.00000000,17.6100
1628091713035000,1,28.73804581,17.6100
1628091713035000,1,74.72023812,17.6100
1628091713035000,1,11.49274113,17.6100
1628091713035000,1,61.24020024,17.6000
1628091713035000,1,61.07934371,17.5900
1628091713035000,1,65.83082487,17.5900
1628091744973000,1,50.80000000,17.5900
1628091845002000,0,61.24000000,17.6300
1628091872647000,0,0.00631995,17.6300
1628091924743000,0,72.43000000,17.6700
1628091924940000,0,0.00874616,17.6700
1628092807662000,0,48.01000000,17.7400
1628092807724000,0,0.00585269,17.7400
1628092817433000,0,7.13000000,17.7700
1628092892465000,0,402.00000000,17.7600
1628092929545000,0,71.10021005,17.7700
1628092929566000,0,1.45102469,17.7700
1628092988935000,0,2.82000000,17.7600
1628092989000000,0,45.10965103,17.7600
1628093350362000,0,332.00000000,17.7200
1628093653985000,0,74.77837514,17.8800
1628093818363000,0,24.87000000,17.8400
1628094873710000,0,47.78346408,17.8200
1628095415640000,0,4.19000000,17.9000
1628095415662000,0,0.00098479,17.9000
1628095456591000,0,1.96000000,17.9500
1628095456622000,0,0.04000000,17.9500
1628095467760000,0,47.41596858,17.9700
1628096027013000,0,11.45000000,17.8100
1628096027055000,0,36.38353089,17.8100
1628096027055000,0,119.59204248,17.8100
1628096666610000,0,48.10000000,17.7100
1628096666741000,0,0.00065341,17.7100
1628097899508000,0,10.10000000,17.6400
1628097899508000,0,50.70746755,17.6500
1628097899509000,0,60.92514465,17.6500
1628097899510000,0,60.92514465,17.6500
1628097899510000,0,60.84782571,17.6500
1628097899513000,0,60.87253750,17.6500
1628097899515000,0,60.91849748,17.6500
1628099537628000,1,43.33000000,17.6100
1628099537681000,1,294.67000000,17.6100
1628099559195000,0,61.42623477,17.5900
1628099559195000,0,7.38376523,17.5900
1628099559244000,0,41.05660308,17.5900
1628100012585000,1,9.60000000,17.5500
1628100402022000,0,62.31000000,17.6600
1628100467170000,1,59.97812573,17.6100
1628100467977000,1,1.19956251,17.6100
1628100477650000,1,0.02448087,17.6100
1628100477650000,1,61.20950607,17.6100
1628100477650000,1,9.64366008,17.6100
1628100500901000,1,59.93589064,17.6200
1628100502460000,1,1.22318144,17.6200
1628100502460000,1,61.19301430,17.6100
1628100502460000,1,10.97447348,17.6100
1628100502460000,1,327.51562877,17.6100
1628100504890000,1,59.96915401,17.6100
1628100506620000,1,59.98055730,17.6000
1628100507475000,1,1.22409301,17.6000
1628100509179000,1,61.27261751,17.5900
1628100509179000,1,79.78444049,17.5900
1628100509179000,1,14.00000000,17.5900
1628100509179000,1,7.42614961,17.5900
1628100510004000,1,3.24966415,17.5900
1628100511809000,1,61.29123600,17.5800
1628100511809000,1,9.30705371,17.5800
1628100512642000,1,1.44078142,17.5800
1628100512642000,1,61.29123600,17.5800
1628100594601000,1,60.15127549,17.5500
1628100640916000,1,60.04143833,17.5300
1628100642615000,1,61.37574628,17.5200
1628100645340000,1,0.02723077,17.5200
1628100645340000,1,61.40297705,17.5200
1628100645340000,1,61.29366035,17.5100
1628100649610000,1,10.46504486,17.5100
1628100651569000,1,61.39451262,17.5000
1628100651569000,1,262.00000000,17.5000
1628100651569000,1,3.99715460,17.5000
1628100677869000,1,6.78802144,17.4900
1628100680278000,1,54.64027934,17.4900
1628100680278000,1,9.22081041,17.4900
1628100717182000,1,61.47071854,17.4800
1628100717182000,1,8.98803454,17.4800
1628101632127000,0,6.11000000,17.5300
1628101770445000,1,60.28182266,17.5300
1628101771288000,1,1.23024128,17.5300
1628101795992000,1,61.46493805,17.4900
1628101795992000,1,80.21546713,17.4900
1628101795992000,1,10.52885225,17.4900
1628101802970000,1,61.53068342,17.4700
1628101802970000,1,10.42022238,17.4700
1628101802970000,1,368.00000000,17.4700
1628101811615000,1,10.31022264,17.4600
1628101811615000,1,61.59173268,17.4500
1628101811615000,1,67.02206342,17.4500
1628101811615000,1,22.49169075,17.4500
1628101826115000,0,48.74840827,17.4800
1628101974623000,0,78.64000000,17.4500
1628101993304000,0,48.81000000,17.4700
1628101993309000,0,0.00010582,17.4700
1628102283683000,0,48.64920229,17.5200
1628102300746000,0,48.64000000,17.5200
1628102300751000,0,0.00956273,17.5200
1628102618103000,0,48.77373228,17.4800
1628102618103000,0,121.89626772,17.4800
1628102618111000,0,0.00887016,17.4800
1628103566633000,1,13.26179906,17.3700
1628103566633000,1,9.80000000,17.3700
1628103566633000,1,57.51856768,17.3700
1628103664643000,1,3.99000000,17.3500
1628103664691000,1,75.37534261,17.3500
1628103908899000,1,13.14000000,17.3200
1628104291287000,0,39.36000000,17.3300
1628105079201000,1,9.99999999,17.2700
1628105079208000,1,0.00000001,17.2700
1628107778052000,1,11.76000000,17.4100
1628107894614000,1,11.61000000,17.4300
1628108107656000,1,11.50000000,17.4100
1628108107662000,1,0.00354269,17.4100
1628108869993000,1,11.82000000,17.5500
1628108950989000,1,11.25000000,17.5100
1628108951079000,1,0.00367328,17.5100
1628110359104000,1,28.05962428,17.3500
1628110359104000,1,11.22037572,17.3500
1628110359126000,1,0.00877583,17.3500
1628111844919000,1,10.40000000,17.4000
1628111845010000,1,0.00050321,17.4000
1628114623140000,1,8.69010735,17.6800
1628114623140000,1,21.72944465,17.6800
1628114647593000,1,54.23994129,17.6800
1628114647593000,1,20.85873941,17.6800
1628114647593000,1,8.34774038,17.6800
1628115043466000,1,7.40835778,17.6800
1628115568429000,1,7.28900304,17.5700
1628115568429000,1,18.22099696,17.5700
1628115974328000,1,6.98925747,17.6100
1628116001917000,1,6.90122765,17.6300
1628116001917000,1,17.25306912,17.6300
1628116003251000,1,6.90122765,17.6200
1628116014574000,1,6.55286504,17.6300
1628116016578000,1,16.38049065,17.6100
1628116016578000,1,42.60022669,17.6100
1628116016578000,1,5.24365033,17.6100
1628116124044000,1,5.76000000,17.6000
1628116124109000,1,0.00515549,17.6000
1628116155389000,0,9.80000000,17.6100
1628116155389000,0,18.44108967,17.6200
1628116230974000,1,6.77710895,17.6200
1628116232565000,1,6.78841965,17.6100
1628116244037000,1,5.93875959,17.6100
1628116248857000,1,5.93875959,17.6000
1628116253488000,1,6.03014089,17.5900
1628116253488000,1,14.91031478,17.5900
1628116292043000,1,5.60260962,17.6100
1628116503970000,1,5.67716899,17.5500
1628116503970000,1,13.79758039,17.5500
1628116714919000,1,5.36371872,17.5000
1628116935071000,1,13.52443991,17.5100
1628116935071000,1,5.03066809,17.5100
1628117493200000,1,5.17076381,17.4500
1628117534677000,1,12.83353600,17.3700
1628117534677000,1,5.13140699,17.3700
1628117666756000,0,9.90000000,17.3400
1628117692804000,1,62.26754253,17.3300
1628117692804000,1,3.66973808,17.3300
1628117758846000,0,10.60000000,17.3600
1628117765807000,0,10.10000000,17.3700
1628117791274000,0,9.90000000,17.3800
1628117906379000,0,10.10000000,17.4300
1628117916842000,0,10.00000000,17.4400
1628118031438000,1,7.22000000,17.4300
1628118208073000,1,7.52000000,17.3400
1628118208109000,1,0.00135274,17.3400
1628118276534000,1,7.29784856,17.3100
1628118522312000,1,7.35996080,17.3300
1628118522312000,1,18.39629325,17.3300
1628118522312000,1,62.26878628,17.3300
1628118522312000,1,45.09725129,17.3300
1628118964928000,1,9.79608923,17.3800
1628120478826000,1,10.73463705,17.4200
1628120478826000,1,26.07671741,17.4200
1628121244182000,1,25.45796581,17.4500
1628121244182000,1,10.18132022,17.4500
1628121244182000,1,66.18071397,17.4500
