timestamp ms,type,amount,price
1622765229560000,1,1263.72000000,22.6300
1622765229600000,1,0.00072470,22.6300
1622767181630000,1,15.60000200,22.3400
1622767181757000,1,31.98896295,22.3400
1622767182005000,0,82.03970964,22.3400
1622767589098000,1,75.95403142,22.2600
1622767701594000,0,78.43906550,22.3000
1622769112198000,1,296.00000000,21.9300
1622769241924000,0,5.62000000,21.9900
1622769306011000,0,3.20100000,21.9000
1622769318870000,1,16.00000000,21.8100
1622769319875000,1,9.95116538,21.8000
1622769319880000,1,0.00000001,21.8000
1622769320179000,1,64.68476338,21.7900
1622769389065000,1,16.00628663,21.5900
1622769401555000,0,3.28500000,21.6100
1622769423143000,1,1.96895878,21.2300
1622769423143000,1,49.78756832,21.2300
1622769423143000,1,33.11243168,21.2300
1622769423143000,1,27.41479587,21.2000
1622769423148000,1,22.37277246,21.2000
1622769424084000,1,27.08048000,21.1600
1622769424587000,1,73.60000000,21.0800
1622769424587000,1,95.88195514,21.0700
1622769424587000,1,614.00000000,21.0500
1622769424774000,0,50.83375104,21.0800
1622769425125000,1,12.76624896,21.0900
1622769425125000,1,52.17029854,20.9700
1622769426898000,1,19.79980749,20.8300
1622769426937000,1,7.70970251,20.8300
1622769426937000,1,12.09000883,20.8200
1622769428705000,1,50.49322244,20.8000
1622769428705000,1,50.61254642,20.7500
1622769428705000,1,47.62841557,20.7300
1622769428772000,1,3.03539152,20.7300
1622769436994000,1,16.20034500,20.5900
1622769437404000,1,0.59965500,20.5900
1622769437404000,1,10.71602931,20.5800
1622769440703000,1,25.80766000,20.5600
1622769442095000,1,76.18221082,20.5400
1622769442095000,1,16.80000000,20.5400
1622769442095000,1,51.27283223,20.5300
1622769442095000,1,51.30019189,20.5200
1622769442224000,0,51.27283223,20.5200
1622769442587000,0,389.17193283,20.5200
1622769449607000,1,88.32939920,20.5000
1622769450215000,1,20.51332080,20.5000
1622769451888000,1,866.91790319,20.5000
1622769451902000,1,177.68376705,20.5000
1622769478299000,0,25.29150680,20.7200
1622769478527000,0,0.51615320,20.7200
1622769478527000,0,18.99999999,20.7300
1622769478667000,0,0.00000001,20.7300
1622769479010000,0,25.80765999,20.7400
1622769479445000,0,25.29150680,20.7400
1622769479506000,0,14.97251037,20.7500
1622769481120000,0,0.30556144,20.7500
1622769654883000,1,50.59467449,20.9100
1622769654883000,1,50.64307058,20.8900
1622769655002000,0,534.76225493,20.8900
1622769697023000,0,1.79600000,21.0800
1622769917991000,0,51.07760222,20.8800
1622769961955000,0,49.92823400,20.9900
1622769962038000,0,1.01894355,20.9900
1622769964128000,0,79.20882585,21.0100
1622769964582000,0,1.61650665,21.0100
1622769974332000,1,50.49164205,20.9900
1622769974445000,0,50.49164205,20.9900
1622770117930000,0,44.25023650,21.1100
1622770118100000,0,76.26913355,21.1200
1622770528593000,1,79.99978900,21.2100
1622772558495000,1,81.18629211,21.0200
1622772838195000,0,75.18704924,20.8500
1622772856806000,0,79.98189666,20.8700
1622773312042000,1,74.90234179,21.0800
1622775604356000,0,17.39413872,21.3400
1622776096057000,0,77.02688343,21.2200
1622776161792000,1,77.16831810,21.1800
1622777143424000,1,49.86866973,21.3200
1622777143424000,1,49.86866972,21.3100
1622778239793000,1,76.89853287,21.4900
1622779140186000,0,76.53780599,21.4500
1622779315517000,1,75.64201265,21.3500
1622779876898000,1,77.38795014,21.3800
1622780348979000,0,10.05690575,21.2200
1622780349035000,0,0.00000001,21.2200
1622780349476000,0,8.33139566,21.2300
1622780538947000,1,16.70000000,21.1600
1622781156388000,1,76.88486824,21.2300
1622781227485000,0,74.45140320,21.2700
1622781911968000,0,78.05037536,21.1800
1622782286200000,1,80.74539515,21.1200
1622782515115000,0,81.62533590,21.1400
1622782547351000,1,74.50706831,21.1200
1622782762512000,1,73.82165621,21.1200
1622782851067000,0,76.27809181,21.1300
1622782904191000,0,27.15914999,21.1700
1622782904230000,0,0.00000001,21.1700
1622783247453000,1,74.35207188,21.0700
1622783491841000,1,27.56917000,20.8100
1622783491841000,1,50.99970984,20.8000
1622783491841000,1,48.17724218,20.7900
1622783492299000,1,2.84267384,20.7900
1622783492299000,1,36.17729248,20.7700
1622783492299000,1,51.06397682,20.7600
1622783492299000,1,51.08832413,20.7500
1622783492299000,1,10.00000000,20.7500
1622783492299000,1,51.10708677,20.7400
1622783492299000,1,51.15620049,20.7200
1622783492299000,1,36.00000000,20.6600
1622783492299000,1,36.00000000,20.6600
1622783492299000,1,462.00000000,20.6500
1622783492299000,1,349.00000000,20.6500
1622783492299000,1,17.00883571,20.6100
1622783536483000,0,36.00000000,20.8700
1622783537594000,1,36.00000000,20.8300
1622783542500000,1,36.00000000,20.8400
1622783550279000,1,15.02378724,20.8400
1622783550279000,1,20.97621276,20.8400
1622783554540000,1,36.00000000,20.8400
1622783586518000,1,36.00000000,20.8200
1622783659273000,1,51.23170120,20.7200
1622783659291000,1,0.00000001,20.7200
1622783667865000,1,51.34729799,20.6600
1622783742887000,0,36.00000000,20.7300
1622783823188000,0,36.00000000,20.7700
1622783841852000,0,36.00000000,20.8200
1622783841852000,0,79.74374791,20.8200
1622784361834000,1,20.49876899,20.6200
1622784896485000,1,81.24770878,20.5800
1622784928984000,0,61.00730510,20.6300
1622784955272000,1,13.27077223,20.4600
1622785075942000,0,78.73497666,20.3900
1622786484681000,0,77.30727532,20.5200
1622786712169000,0,10.00000000,20.5500
1622786712688000,0,36.00000000,20.5600
1622786819239000,1,77.65689185,20.5700
1622787133535000,1,82.18436352,20.4600
1622787340978000,0,79.24434694,20.4800
1622787472170000,1,76.12912181,20.4300
1622787554628000,0,76.08431785,20.4500
1622788195123000,1,81.49759246,20.3900
1622788391139000,0,79.44223340,20.3200
1622788451899000,1,77.81795953,20.2400
1622788469663000,1,80.37385820,20.2100
1622788588249000,0,77.66327913,20.3500
1622788591515000,1,52.31136935,20.3300
1622788613174000,0,83.46129254,20.3900
1622789032616000,1,77.54441559,20.3100
1622789304613000,1,50.00000000,20.0000
1622789874820000,0,83.46966400,20.0200
1622789874820000,0,17.60000000,20.0200
1622789874820000,0,48.61565068,20.0200
1622790119988000,1,80.22814676,19.8200
1622790543839000,0,2.99398194,19.9400
1622791110942000,1,9.80000000,19.5600
1622791110973000,1,0.20000000,19.5600
1622791111408000,1,81.80219728,19.5100
1622791111408000,1,41.71923995,19.5000
1622791166357000,1,54.41923637,19.5000
1622791403978000,0,83.60574731,19.6400
1622792305068000,0,10.00000000,20.0800
1622792538800000,0,9.99999999,20.1100
1622792538889000,0,0.00000001,20.1100
1622792763149000,1,52.85450512,20.1000
1622792763149000,1,17.50000000,20.1000
1622792763149000,1,8.64526227,20.1000
1622792984887000,0,10.00000000,20.1800
1622793078642000,1,77.12786872,20.1400
1622793175050000,1,52.82557900,20.0600
1622793766240000,0,17.39999999,19.7800
1622794274686000,1,76.84194491,20.0300
1622794505900000,0,83.02004766,20.0300
1622794738095000,0,10.00000000,19.9400
1622794805620000,0,7.66287818,19.9100
1622794951487000,0,82.26766381,20.0700
1622795221764000,0,10.00000000,20.1700
1622795748153000,1,80.89613362,20.1100
1622796387873000,1,50.00000000,20.1500
1622796424437000,1,17.50000000,20.1400
1622796424437000,1,32.50000000,20.1300
1622796441700000,1,50.00000000,20.0900
1622796457670000,1,50.00000000,20.1100
1622796468269000,1,17.40000000,20.1100
1622796468269000,1,32.60000000,20.1000
1622796476664000,1,20.23947438,20.1000
1622796476664000,1,17.30000000,20.1000
1622796476664000,1,2.71342312,20.0900
1622796476664000,1,9.74710250,20.0900
1622796484003000,1,50.00000000,20.1000
1622796498228000,1,17.50000000,20.1000
1622796498228000,1,32.50000000,20.0900
1622796508340000,1,36.45411464,20.0900
1622796508340000,1,13.54588536,20.0800
1622796516609000,1,3.85411464,20.0800
1622796516609000,1,46.14588536,20.0800
1622796537930000,1,17.20000000,20.0800
1622796537930000,1,32.80000000,20.0800
1622796548342000,1,17.10000000,20.0900
1622796548342000,1,20.07937747,20.0800
1622796548342000,1,12.82062253,20.0700
1622796556534000,1,50.00000000,20.0900
1622796565046000,1,50.00000000,20.0800
1622796574077000,1,39.93766709,20.0700
1622796574077000,1,10.06233291,20.0700
1622796581204000,1,7.33766709,20.0700
1622796581204000,1,42.66233291,20.0700
1622796590646000,1,17.30000000,20.0500
1622796590646000,1,32.70000000,20.0400
1622796598476000,1,50.00000000,20.0600
1622796605534000,1,20.13947438,20.0400
1622796605534000,1,17.20000000,20.0400
1622796605534000,1,12.66052562,20.0300
1622796611524000,1,50.00000000,20.0400
1622796623833000,1,23.48000000,20.0100
1622796831936000,0,77.26098856,20.0400
1622796841055000,0,10.00000000,20.0700
1622796841055000,0,2.42501245,20.0700
1622798335987000,0,79.80666278,20.0000
1622798339448000,0,17.20000000,20.0100
1622798867021000,1,76.93907935,20.1000
1622799252936000,0,75.67455390,20.1300
1622799547647000,0,18.30070432,20.2100
1622799547651000,0,10.10832568,20.2100
1622799547842000,0,13.27034092,20.2100
1622799548146000,0,17.29999999,20.2000
1622799863368000,0,0.00000001,20.2100
1622801502153000,0,79.99275466,20.5000
1622801550559000,0,5.18593355,20.5500
1622801550584000,0,0.00000001,20.5500
1622801597946000,0,5.18540998,20.5300
1622801597946000,0,5.18540997,20.5400
1622801597988000,0,0.00000001,20.5400
1622801598281000,0,5.18540997,20.5500
1622801598281000,0,0.00000001,20.5500
1622801601055000,0,5.18540997,20.5400
1622801601372000,0,0.00000001,20.5400
1622801601372000,0,5.18540996,20.5500
1622801603207000,0,5.18540998,20.5400
1622801603207000,0,0.00000002,20.5500
1622801603207000,0,5.18540997,20.5500
1622801605642000,0,5.18540998,20.5400
1622801605642000,0,0.00000001,20.5500
1622801605642000,0,5.18540997,20.5500
1622801608080000,0,5.18051432,20.5300
1622801608080000,0,5.18540997,20.5400
1622801608683000,0,5.18051431,20.5300
1622801612309000,0,0.00000001,20.5300
1622801612309000,0,5.18051432,20.5300
1622801612309000,0,0.00000001,20.5400
1622801612309000,0,5.18540997,20.5400
1622801627447000,1,77.08151615,20.5000
1622801637551000,0,10.36705105,20.5200
1622801640037000,0,0.00000001,20.5200
1622801640037000,0,1.64483146,20.5200
1622801653750000,0,8.72221959,20.5200
1622801653809000,0,0.00000001,20.5200
1622801657506000,0,7.76629137,20.5200
1622801660830000,0,2.60075968,20.5200
1622801662281000,0,0.00000001,20.5200
1622801778603000,1,82.37111446,20.4200
1622801831812000,0,80.31764861,20.4200
1622801972078000,0,78.82778758,20.4200
1622802402449000,1,79.71534283,20.2100
1622803077833000,0,81.17493631,20.1700
1622803878060000,0,79.57284739,20.1100
1622804235663000,1,80.65128516,20.0700
1622805102395000,0,84.04346367,20.1300
1622805190467000,1,82.41541514,20.1000
1622805245909000,1,52.83508039,20.0500
1622805245910000,1,0.00000001,20.0500
1622806096429000,1,83.09835675,19.9800
1622806628671000,0,1.86400000,19.8800
1622806887073000,0,8.67617163,19.8300
1622806888068000,0,5.19040656,19.8300
1622806906769000,0,15.01917180,19.8300
1622806906775000,0,0.00000001,19.8300
1622806960235000,1,76.95479308,19.7700
1622807051604000,0,5.52800000,19.7800
1622807138701000,0,81.89895433,19.7800
1622807920368000,0,81.82893379,19.8100
1622808269783000,0,4.08300000,19.6500
1622808319083000,0,4.08300000,19.5000
1622808360921000,0,6.33200000,19.5400
1622808502704000,0,4.70300000,19.4300
1622808536528000,0,1.18400000,19.4200
1622808582644000,0,1.67300000,19.3900
1622808615781000,0,1.95000000,19.4700
1622809190708000,0,76.16263821,19.6000
1622809190724000,0,1.55433956,19.6000
1622809416051000,1,81.76825183,19.6000
1622811604395000,0,79.98367644,20.3200
1622811709801000,1,74.80304372,20.2800
1622811720759000,0,52.24632586,20.2900
1622811720759000,0,17.40000000,20.2900
1622811720759000,0,52.24632586,20.3000
1622812039482000,0,77.21092887,20.1800
1622812143824000,0,80.48067699,20.2400
1622812176119000,0,82.85770188,20.3200
1622812568071000,1,77.22819935,20.3100
1622813003820000,0,78.14360743,20.2900
1622813161850000,1,76.14004271,20.3200
1622813597346000,0,3.25553914,20.3100
1622813667223000,0,81.36635302,20.3500
1622814088512000,1,77.38206585,20.2900
1622814390508000,1,76.31383754,20.2800
1622814742084000,0,80.60462841,20.1500
1622814947712000,0,81.14895380,20.2000
1622815304418000,1,73.46347769,20.2200
1622815331792000,1,76.06976001,20.1800
1622815473303000,0,77.25182830,20.1100
1622815574516000,0,75.53126032,20.1500
1622815797885000,1,75.05794197,20.0600
1622815797939000,1,1.53179473,20.0600
1622815983881000,0,79.43352066,20.0400
1622816025205000,1,80.13035768,20.0200
1622816051437000,1,76.92415530,19.9900
1622816142420000,0,79.46700846,19.9800
1622816161071000,0,2.00384400,19.9600
1622816162003000,0,1.50288300,19.9600
1622816224138000,0,80.03861069,19.9300
1622816711199000,1,80.74145647,20.0300
1622817311611000,1,79.14266484,20.0900
1622818028911000,0,78.78496600,20.2000
1622818286159000,0,1.96895878,20.3400
1622818293075000,0,866.83768874,20.3500
1622818293592000,0,396.88303596,20.3500
1622818602246000,1,82.51169126,20.3400
1622821142793000,0,75.70132025,20.3900
1622821614533000,1,80.62334516,20.3700
1622822038458000,0,79.68232401,20.3600
1622822121924000,0,691.51702641,20.3400
1622822804142000,0,77.48910112,20.3400
1622822842575000,0,75.80130620,20.4100
1622822861377000,0,53.79138134,20.4500
1622822861384000,0,1.09778329,20.4500
1622823003678000,0,51.44645755,20.6400
1622823003678000,0,85.40000000,20.6400
1622823003678000,0,0.59850441,20.6500
1622823245031000,1,78.85979524,20.6100
1622823389236000,1,81.82979231,20.6000
1622823436850000,1,77.62907354,20.5600
1622823744209000,1,80.17616636,20.3700
1622823744231000,1,1.63624829,20.3700
1622823799693000,0,81.56695412,20.4000
1622826354842000,0,82.06922338,20.4800
1622826913676000,1,79.08613308,20.5100
1622828154992000,0,82.19241459,20.7600
1622828154992000,0,51.11919303,20.7600
1622828154992000,0,51.09420652,20.7700
1622828154992000,0,17.00000000,20.7700
1622828154992000,0,3.53389588,20.7800
1622828748937000,0,24.50105032,20.7600
1622828748950000,0,26.61842015,20.7600
1622829219387000,0,51.20091210,20.7700
1622829219387000,0,15.29306960,20.7700
1622829790727000,1,74.68182179,20.6300
1622830618499000,0,77.12057741,20.6500
1622831592182000,1,76.25056486,20.6400
1622831592388000,1,1.55613398,20.6400
1622833555682000,0,77.39140591,20.6600
1622834209437000,1,76.91663267,20.6600
1622834253186000,1,75.37027121,20.6400
1622834409174000,1,82.07247044,20.6200
1622834427257000,1,53.40684941,20.6000
1622834768644000,0,75.91598755,20.6200
1622835031812000,0,79.02824550,20.6600
1622835728011000,0,1.09160500,20.5600
1622835983713000,0,81.78918070,20.5300
1622836205801000,1,81.38219135,20.4600
1622836351803000,0,79.85828358,20.4700
1622836747093000,0,75.63899361,20.5000
1622839028018000,1,77.77152875,20.7200
1622840680856000,0,78.35642184,20.8600
1622840736545000,1,1.63861671,20.8400
1622841417813000,1,79.19117404,20.8400
1622841612387000,0,75.25771604,20.8600
1622842423641000,1,78.23276554,20.8200
1622842423655000,1,1.59658705,20.8200
1622844892528000,0,82.54834456,20.7000
1622845237118000,1,73.69900830,20.6300
1622845237141000,1,1.50406139,20.6300
1622845673144000,0,74.75054574,20.6700
1622845909920000,0,76.79836186,20.6900
1622846183379000,1,51.25640606,20.6600
1622846183379000,1,15.23757564,20.6600
1622846519355000,1,78.88973521,20.7400
1622846519363000,1,1.60999460,20.7400
1622847399329000,1,80.60608811,20.7200
1622847648953000,0,74.53520870,20.7100
1622848980739000,0,81.44033140,20.3400
1622849325401000,1,79.05368113,20.3700
1622850123001000,0,79.59460676,20.5700
