timestamp ms,type,amount,price
1622765229560000,1,1263.72000000,22.6300
1622765229600000,1,0.00072470,22.6300
1622767181630000,1,15.60000200,22.3400
1622767181757000,1,31.98896295,22.3400
1622767182005000,0,82.03970964,22.3400
1622767589098000,1,75.95403142,22.2600
1622767701594000,0,78.43906550,22.3000
1622769112198000,1,296.00000000,21.9300
1622769241924000,0,5.62000000,21.9900
1622769306011000,0,3.20100000,21.9000
1622769318870000,1,16.00000000,21.8100
1622769319875000,1,9.95116538,21.8000
1622769319880000,1,0.00000001,21.8000
1622769320179000,1,64.68476338,21.7900
1622769389065000,1,16.00628663,21.5900
1622769401555000,0,3.28500000,21.6100
1622769423143000,1,1.96895878,21.2300
1622769423143000,1,49.78756832,21.2300
1622769423143000,1,33.11243168,21.2300
1622769423143000,1,27.41479587,21.2000
1622769423148000,1,22.37277246,21.2000
1622769424084000,1,27.08048000,21.1600
1622769424587000,1,73.60000000,21.0800
1622769424587000,1,95.88195514,21.0700
1622769424587000,1,614.00000000,21.0500
1622769424774000,0,50.83375104,21.0800
1622769425125000,1,12.76624896,21.0900
1622769425125000,1,52.17029854,20.9700
1622769426898000,1,19.79980749,20.8300
1622769426937000,1,7.70970251,20.8300
1622769426937000,1,12.09000883,20.8200
1622769428705000,1,50.49322244,20.8000
1622769428705000,1,50.61254642,20.7500
1622769428705000,1,47.62841557,20.7300
1622769428772000,1,3.03539152,20.7300
1622769436994000,1,16.20034500,20.5900
1622769437404000,1,0.59965500,20.5900
1622769437404000,1,10.71602931,20.5800
1622769440703000,1,25.80766000,20.5600
1622769442095000,1,76.18221082,20.5400
1622769442095000,1,16.80000000,20.5400
1622769442095000,1,51.27283223,20.5300
1622769442095000,1,51.30019189,20.5200
1622769442224000,0,51.27283223,20.5200
1622769442587000,0,389.17193283,20.5200
1622769449607000,1,88.32939920,20.5000
1622769450215000,1,20.51332080,20.5000
1622769451888000,1,866.91790319,20.5000
1622769451902000,1,177.68376705,20.5000
1622769478299000,0,25.29150680,20.7200
1622769478527000,0,0.51615320,20.7200
1622769478527000,0,18.99999999,20.7300
1622769478667000,0,0.00000001,20.7300
1622769479010000,0,25.80765999,20.7400
1622769479445000,0,25.29150680,20.7400
1622769479506000,0,14.97251037,20.7500
1622769481120000,0,0.30556144,20.7500
1622769654883000,1,50.59467449,20.9100
1622769654883000,1,50.64307058,20.8900
1622769655002000,0,534.76225493,20.8900
1622769697023000,0,1.79600000,21.0800
1622769917991000,0,51.07760222,20.8800
1622769961955000,0,49.92823400,20.9900
1622769962038000,0,1.01894355,20.9900
1622769964128000,0,79.20882585,21.0100
1622769964582000,0,1.61650665,21.0100
1622769974332000,1,50.49164205,20.9900
1622769974445000,0,50.49164205,20.9900
1622770117930000,0,44.25023650,21.1100
1622770118100000,0,76.26913355,21.1200
1622770528593000,1,79.99978900,21.2100
1622772558495000,1,81.18629211,21.0200
1622772838195000,0,75.18704924,20.8500
1622772856806000,0,79.98189666,20.8700
1622773312042000,1,74.90234179,21.0800
1622775604356000,0,17.39413872,21.3400
1622776096057000,0,77.02688343,21.2200
1622776161792000,1,77.16831810,21.1800
1622777143424000,1,49.86866973,21.3200
1622777143424000,1,49.86866972,21.3100
1622778239793000,1,76.89853287,21.4900
1622779140186000,0,76.53780599,21.4500
1622779315517000,1,75.64201265,21.3500
1622779876898000,1,77.38795014,21.3800
1622780348979000,0,10.05690575,21.2200
1622780349035000,0,0.00000001,21.2200
1622780349476000,0,8.33139566,21.2300
1622780538947000,1,16.70000000,21.1600
1622781156388000,1,76.88486824,21.2300
1622781227485000,0,74.45140320,21.2700
1622781911968000,0,78.05037536,21.1800
1622782286200000,1,80.74539515,21.1200
1622782515115000,0,81.62533590,21.1400
1622782547351000,1,74.50706831,21.1200
1622782762512000,1,73.82165621,21.1200
1622782851067000,0,76.27809181,21.1300
1622782904191000,0,27.15914999,21.1700
1622782904230000,0,0.00000001,21.1700
1622783247453000,1,74.35207188,21.0700
1622783491841000,1,27.56917000,20.8100
1622783491841000,1,50.99970984,20.8000
1622783491841000,1,48.17724218,20.7900
1622783492299000,1,2.84267384,20.7900
1622783492299000,1,36.17729248,20.7700
1622783492299000,1,51.06397682,20.7600
1622783492299000,1,51.08832413,20.7500
1622783492299000,1,10.00000000,20.7500
1622783492299000,1,51.10708677,20.7400
1622783492299000,1,51.15620049,20.7200
1622783492299000,1,36.00000000,20.6600
1622783492299000,1,36.00000000,20.6600
1622783492299000,1,462.00000000,20.6500
1622783492299000,1,349.00000000,20.6500
1622783492299000,1,17.00883571,20.6100
1622783536483000,0,36.00000000,20.8700
1622783537594000,1,36.00000000,20.8300
1622783542500000,1,36.00000000,20.8400
1622783550279000,1,15.02378724,20.8400
1622783550279000,1,20.97621276,20.8400
1622783554540000,1,36.00000000,20.8400
1622783586518000,1,36.00000000,20.8200
1622783659273000,1,51.23170120,20.7200
1622783659291000,1,0.00000001,20.7200
1622783667865000,1,51.34729799,20.6600
1622783742887000,0,36.00000000,20.7300
1622783823188000,0,36.00000000,20.7700
1622783841852000,0,36.00000000,20.8200
1622783841852000,0,79.74374791,20.8200
1622784361834000,1,20.49876899,20.6200
1622784896485000,1,81.24770878,20.5800
1622784928984000,0,61.00730510,20.6300
1622784955272000,1,13.27077223,20.4600
1622785075942000,0,78.73497666,20.3900
1622786484681000,0,77.30727532,20.5200
1622786712169000,0,10.00000000,20.5500
1622786712688000,0,36.00000000,20.5600
1622786819239000,1,77.65689185,20.5700
1622787133535000,1,82.18436352,20.4600
1622787340978000,0,79.24434694,20.4800
1622787472170000,1,76.12912181,20.4300
1622787554628000,0,76.08431785,20.4500
1622788195123000,1,81.49759246,20.3900
1622788391139000,0,79.44223340,20.3200
1622788451899000,1,77.81795953,20.2400
1622788469663000,1,80.37385820,20.2100
1622788588249000,0,77.66327913,20.3500
1622788591515000,1,52.31136935,20.3300
1622788613174000,0,83.46129254,20.3900
1622789032616000,1,77.54441559,20.3100
1622789304613000,1,50.00000000,20.0000
1622789874820000,0,83.46966400,20.0200
1622789874820000,0,17.60000000,20.0200
1622789874820000,0,48.61565068,20.0200
1622790119988000,1,80.22814676,19.8200
1622790543839000,0,2.99398194,19.9400
1622791110942000,1,9.80000000,19.5600
1622791110973000,1,0.20000000,19.5600
1622791111408000,1,81.80219728,19.5100
1622791111408000,1,41.71923995,19.5000
1622791166357000,1,54.41923637,19.5000
1622791403978000,0,83.60574731,19.6400
1622792305068000,0,10.00000000,20.0800
1622792538800000,0,9.99999999,20.1100
1622792538889000,0,0.00000001,20.1100
1622792763149000,1,52.85450512,20.1000
1622792763149000,1,17.50000000,20.1000
1622792763149000,1,8.64526227,20.1000
1622792984887000,0,10.00000000,20.1800
1622793078642000,1,77.12786872,20.1400
1622793175050000,1,52.82557900,20.0600
1622793766240000,0,17.39999999,19.7800
1622794274686000,1,76.84194491,20.0300
1622794505900000,0,83.02004766,20.0300
1622794738095000,0,10.00000000,19.9400
1622794805620000,0,7.66287818,19.9100
1622794951487000,0,82.26766381,20.0700
1622795221764000,0,10.00000000,20.1700
1622795748153000,1,80.89613362,20.1100
1622796387873000,1,50.00000000,20.1500
1622796424437000,1,17.50000000,20.1400
1622796424437000,1,32.50000000,20.1300
1622796441700000,1,50.00000000,20.0900
1622796457670000,1,50.00000000,20.1100
1622796468269000,1,17.40000000,20.1100
1622796468269000,1,32.60000000,20.1000
1622796476664000,1,20.23947438,20.1000
1622796476664000,1,17.30000000,20.1000
1622796476664000,1,2.71342312,20.0900
1622796476664000,1,9.74710250,20.0900
1622796484003000,1,50.00000000,20.1000
1622796498228000,1,17.50000000,20.1000
1622796498228000,1,32.50000000,20.0900
1622796508340000,1,36.45411464,20.0900
1622796508340000,1,13.54588536,20.0800
1622796516609000,1,3.85411464,20.0800
1622796516609000,1,46.14588536,20.0800
1622796537930000,1,17.20000000,20.0800
1622796537930000,1,32.80000000,20.0800
1622796548342000,1,17.10000000,20.0900
1622796548342000,1,20.07937747,20.0800
1622796548342000,1,12.82062253,20.0700
1622796556534000,1,50.00000000,20.0900
1622796565046000,1,50.00000000,20.0800
1622796574077000,1,39.93766709,20.0700
1622796574077000,1,10.06233291,20.0700
1622796581204000,1,7.33766709,20.0700
1622796581204000,1,42.66233291,20.0700
1622796590646000,1,17.30000000,20.0500
1622796590646000,1,32.70000000,20.0400
1622796598476000,1,50.00000000,20.0600
1622796605534000,1,20.13947438,20.0400
1622796605534000,1,17.20000000,20.0400
1622796605534000,1,12.66052562,20.0300
1622796611524000,1,50.00000000,20.0400
1622796623833000,1,23.48000000,20.0100
1622796831936000,0,77.26098856,20.0400
1622796841055000,0,10.00000000,20.0700
1622796841055000,0,2.42501245,20.0700
1622798335987000,0,79.80666278,20.0000
1622798339448000,0,17.20000000,20.0100
1622798867021000,1,76.93907935,20.1000
1622799252936000,0,75.67455390,20.1300
1622799547647000,0,18.30070432,20.2100
1622799547651000,0,10.10832568,20.2100
1622799547842000,0,13.27034092,20.2100
1622799548146000,0,17.29999999,20.2000
1622799863368000,0,0.00000001,20.2100
1622801502153000,0,79.99275466,20.5000
1622801550559000,0,5.18593355,20.5500
1622801550584000,0,0.00000001,20.5500
1622801597946000,0,5.18540998,20.5300
1622801597946000,0,5.18540997,20.5400
1622801597988000,0,0.00000001,20.5400
1622801598281000,0,5.18540997,20.5500
1622801598281000,0,0.00000001,20.5500
1622801601055000,0,5.18540997,20.5400
1622801601372000,0,0.00000001,20.5400
1622801601372000,0,5.18540996,20.5500
1622801603207000,0,5.18540998,20.5400
1622801603207000,0,0.00000002,20.5500
1622801603207000,0,5.18540997,20.5500
1622801605642000,0,5.18540998,20.5400
1622801605642000,0,0.00000001,20.5500
1622801605642000,0,5.18540997,20.5500
1622801608080000,0,5.18051432,20.5300
1622801608080000,0,5.18540997,20.5400
1622801608683000,0,5.18051431,20.5300
1622801612309000,0,0.00000001,20.5300
1622801612309000,0,5.18051432,20.5300
1622801612309000,0,0.00000001,20.5400
1622801612309000,0,5.18540997,20.5400
1622801627447000,1,77.08151615,20.5000
1622801637551000,0,10.36705105,20.5200
1622801640037000,0,0.00000001,20.5200
1622801640037000,0,1.64483146,20.5200
1622801653750000,0,8.72221959,20.5200
1622801653809000,0,0.00000001,20.5200
1622801657506000,0,7.76629137,20.5200
1622801660830000,0,2.60075968,20.5200
1622801662281000,0,0.00000001,20.5200
1622801778603000,1,82.37111446,20.4200
1622801831812000,0,80.31764861,20.4200
1622801972078000,0,78.82778758,20.4200
1622802402449000,1,79.71534283,20.2100
1622803077833000,0,81.17493631,20.1700
1622803878060000,0,79.57284739,20.1100
1622804235663000,1,80.65128516,20.0700
1622805102395000,0,84.04346367,20.1300
1622805190467000,1,82.41541514,20.1000
1622805245909000,1,52.83508039,20.0500
1622805245910000,1,0.00000001,20.0500
1622806096429000,1,83.09835675,19.9800
1622806628671000,0,1.86400000,19.8800
1622806887073000,0,8.67617163,19.8300
1622806888068000,0,5.19040656,19.8300
1622806906769000,0,15.01917180,19.8300
1622806906775000,0,0.00000001,19.8300
1622806960235000,1,76.95479308,19.7700
1622807051604000,0,5.52800000,19.7800
1622807138701000,0,81.89895433,19.7800
1622807920368000,0,81.82893379,19.8100
1622808269783000,0,4.08300000,19.6500
1622808319083000,0,4.08300000,19.5000
1622808360921000,0,6.33200000,19.5400
1622808502704000,0,4.70300000,19.4300
1622808536528000,0,1.18400000,19.4200
1622808582644000,0,1.67300000,19.3900
1622808615781000,0,1.95000000,19.4700
1622809190708000,0,76.16263821,19.6000
1622809190724000,0,1.55433956,19.6000
1622809416051000,1,81.76825183,19.6000
1622811604395000,0,79.98367644,20.3200
1622811709801000,1,74.80304372,20.2800
1622811720759000,0,52.24632586,20.2900
1622811720759000,0,17.40000000,20.2900
1622811720759000,0,52.24632586,20.3000
1622812039482000,0,77.21092887,20.1800
1622812143824000,0,80.48067699,20.2400
1622812176119000,0,82.85770188,20.3200
1622812568071000,1,77.22819935,20.3100
1622813003820000,0,78.14360743,20.2900
1622813161850000,1,76.14004271,20.3200
1622813597346000,0,3.25553914,20.3100
1622813667223000,0,81.36635302,20.3500
1622814088512000,1,77.38206585,20.2900
1622814390508000,1,76.31383754,20.2800
1622814742084000,0,80.60462841,20.1500
1622814947712000,0,81.14895380,20.2000
1622815304418000,1,73.46347769,20.2200
1622815331792000,1,76.06976001,20.1800
1622815473303000,0,77.25182830,20.1100
1622815574516000,0,75.53126032,20.1500
1622815797885000,1,75.05794197,20.0600
1622815797939000,1,1.53179473,20.0600
1622815983881000,0,79.43352066,20.0400
1622816025205000,1,80.13035768,20.0200
1622816051437000,1,76.92415530,19.9900
1622816142420000,0,79.46700846,19.9800
1622816161071000,0,2.00384400,19.9600
1622816162003000,0,1.50288300,19.9600
1622816224138000,0,80.03861069,19.9300
1622816711199000,1,80.74145647,20.0300
1622817311611000,1,79.14266484,20.0900
1622818028911000,0,78.78496600,20.2000
1622818286159000,0,1.96895878,20.3400
1622818293075000,0,866.83768874,20.3500
1622818293592000,0,396.88303596,20.3500
1622818602246000,1,82.51169126,20.3400
1622821142793000,0,75.70132025,20.3900
1622821614533000,1,80.62334516,20.3700
1622822038458000,0,79.68232401,20.3600
1622822121924000,0,691.51702641,20.3400
1622822804142000,0,77.48910112,20.3400
1622822842575000,0,75.80130620,20.4100
1622822861377000,0,53.79138134,20.4500
1622822861384000,0,1.09778329,20.4500
1622823003678000,0,51.44645755,20.6400
1622823003678000,0,85.40000000,20.6400
1622823003678000,0,0.59850441,20.6500
1622823245031000,1,78.85979524,20.6100
1622823389236000,1,81.82979231,20.6000
1622823436850000,1,77.62907354,20.5600
1622823744209000,1,80.17616636,20.3700
1622823744231000,1,1.63624829,20.3700
1622823799693000,0,81.56695412,20.4000
1622826354842000,0,82.06922338,20.4800
1622826913676000,1,79.08613308,20.5100
1622828154992000,0,82.19241459,20.7600
1622828154992000,0,51.11919303,20.7600
1622828154992000,0,51.09420652,20.7700
1622828154992000,0,17.00000000,20.7700
1622828154992000,0,3.53389588,20.7800
1622828748937000,0,24.50105032,20.7600
1622828748950000,0,26.61842015,20.7600
1622829219387000,0,51.20091210,20.7700
1622829219387000,0,15.29306960,20.7700
1622829790727000,1,74.68182179,20.6300
1622830618499000,0,77.12057741,20.6500
1622831592182000,1,76.25056486,20.6400
1622831592388000,1,1.55613398,20.6400
1622833555682000,0,77.39140591,20.6600
1622834209437000,1,76.91663267,20.6600
1622834253186000,1,75.37027121,20.6400
1622834409174000,1,82.07247044,20.6200
1622834427257000,1,53.40684941,20.6000
1622834768644000,0,75.91598755,20.6200
1622835031812000,0,79.02824550,20.6600
1622835728011000,0,1.09160500,20.5600
1622835983713000,0,81.78918070,20.5300
1622836205801000,1,81.38219135,20.4600
1622836351803000,0,79.85828358,20.4700
1622836747093000,0,75.63899361,20.5000
1622839028018000,1,77.77152875,20.7200
1622840680856000,0,78.35642184,20.8600
1622840736545000,1,1.63861671,20.8400
1622841417813000,1,79.19117404,20.8400
1622841612387000,0,75.25771604,20.8600
1622842423641000,1,78.23276554,20.8200
1622842423655000,1,1.59658705,20.8200
1622844892528000,0,82.54834456,20.7000
1622845237118000,1,73.69900830,20.6300
1622845237141000,1,1.50406139,20.6300
1622845673144000,0,74.75054574,20.6700
1622845909920000,0,76.79836186,20.6900
1622846183379000,1,51.25640606,20.6600
1622846183379000,1,15.23757564,20.6600
1622846519355000,1,78.88973521,20.7400
1622846519363000,1,1.60999460,20.7400
1622847399329000,1,80.60608811,20.7200
1622847648953000,0,74.53520870,20.7100
1622848980739000,0,81.44033140,20.3400
1622849325401000,1,79.05368113,20.3700
1622850123001000,0,79.59460676,20.5700
1622850171310000,1,75.73169868,20.5200
1622851530237000,0,81.83402738,20.4300
1622852337155000,1,77.63269409,20.8700
1622852635271000,1,74.16131518,20.8200
1622852980521000,0,77.97591653,20.8800
1622853392195000,0,77.24041027,20.9100
1622853542779000,0,81.45555399,20.9500
1622853712928000,0,35.52073199,20.9800
1622854694709000,1,77.66173647,21.0100
1622854895754000,1,77.40019851,20.9600
1622855782780000,1,76.17994617,20.8800
1622860541553000,0,81.38981592,20.9000
1622861867201000,1,74.79395991,21.0400
1622863563809000,0,76.95571030,20.9400
1622863921577000,0,10.00000000,20.9500
1622864006372000,1,73.16467427,20.9100
1622864755176000,0,10.00000000,20.8900
1622867180305000,1,78.93643272,20.8200
1622867302970000,0,77.42690308,20.8600
1622867794195000,0,81.87881820,20.9200
1622868315050000,1,80.03188530,20.8900
1622868546179000,0,74.98949795,20.9000
1622869331784000,1,76.99169594,21.0000
1622870216799000,1,80.86596477,20.8400
1622871301277000,0,80.33675557,20.7800
1622872566972000,1,74.48102183,20.8200
1622873096867000,0,82.40353673,20.8500
1622875664290000,0,78.20932878,20.8800
1622875736908000,0,149.68531468,20.9000
1622877204648000,1,73.90892523,21.1200
1622877568073000,0,49.99062300,21.2400
1622878322948000,1,79.08564078,21.2200
1622878998532000,1,8.71259137,21.0800
1622878998533000,1,41.46605101,21.0800
1622878999024000,1,21.23854788,21.0500
1622879881659000,1,75.65186107,20.9700
1622880191096000,0,75.08532429,20.9200
1622880670118000,0,77.47740082,20.9300
1622881466100000,0,76.30816224,21.0100
1622882097009000,1,77.37115675,20.9500
1622882097403000,1,1.57900320,20.9500
1622883715404000,1,74.50958741,21.0000
1622884690586000,0,81.53913416,20.9200
1622884828604000,1,78.34797617,20.8800
1622885199005000,0,81.01716787,20.8600
1622886106485000,1,77.16655090,20.7500
1622886158506000,1,37.86045327,20.7200
1622886496985000,0,77.94776177,20.5000
1622886497339000,1,51.86589785,20.4300
1622886497339000,1,27.94512000,20.4300
1622886497339000,1,51.86589785,20.4200
1622886497339000,1,80.20566830,20.4200
1622886497339000,1,21.07047061,20.4100
1622886612191000,1,27.98070000,20.4000
1622886704910000,1,1.99651418,20.0100
1622886705184000,1,695.09001224,20.0000
1622886705415000,1,6.21648776,20.0000
1622886705415000,1,149.68531468,20.0000
1622887705073000,0,51.87829159,20.0900
1622887717540000,0,51.97982286,20.1000
1622887729521000,0,81.89781477,20.1200
1622887729521000,0,50.06978637,20.1200
1622887729554000,0,2.69321635,20.1200
1622887820432000,1,81.49682739,20.0600
1622887820432000,1,17.20000000,20.0600
1622887904975000,1,78.54431055,20.0900
1622888063592000,0,74.13295921,20.1500
1622888324374000,0,48.28392588,20.3000
1622888429614000,0,12.18900000,20.3100
1622888770136000,1,75.51731571,20.2100
1622889045348000,1,82.87358190,20.2200
1622889308656000,0,80.96443366,20.2100
1622889308672000,0,1.65233538,20.2100
1622889784019000,1,75.27182740,20.1100
1622890254534000,0,77.45732796,20.0900
1622890470876000,0,81.06299186,20.1400
1622890842962000,1,80.78694286,20.0500
1622891836937000,0,6.22800000,19.8800
1622891869413000,1,53.40277343,19.8600
1622891869413000,1,17.70000000,19.8600
1622891869508000,0,23.53177474,19.8600
1622891877057000,0,4.62500000,19.9200
1622892240182000,0,4.62800000,19.8100
1622892948850000,0,80.43651797,19.9100
1622892948865000,0,1.64156159,19.9100
1622892999809000,1,77.34302114,19.8600
1622893101485000,1,80.96021900,19.8300
1622893193347000,0,74.59261835,19.8600
1622893193364000,0,1.52229833,19.8600
1622893420912000,0,9.74800000,19.7300
1622893559471000,1,151.51172273,19.6200
1622893742375000,1,54.27370813,19.4800
1622893915444000,0,35.28000000,19.5500
1622894352464000,1,83.13899867,19.6900
1622894610913000,0,12.71600000,19.4500
1622894924343000,0,3.72700000,19.3600
1622895080347000,0,78.99000000,19.5100
1622895429729000,1,82.70686004,19.6800
1622895537342000,1,83.40578492,19.6100
1622895899070000,0,81.12000000,19.6300
1622895899071000,0,0.00308227,19.6300
1622896188301000,0,82.53517248,19.7000
1622896234196000,1,78.89000000,19.6400
1622896234224000,1,0.00684482,19.6400
1622896475996000,0,78.99897694,19.6400
1622896555729000,0,10.00000000,19.7800
1622896660461000,1,76.21813174,19.7800
1622897742796000,0,31.91276130,19.6800
1622898003186000,1,79.84753124,19.6400
1622898043916000,1,83.24505042,19.5800
1622898142301000,0,76.06817999,19.5800
1622898264376000,0,83.21000000,19.5400
1622898264385000,0,0.00681655,19.5400
1622898477270000,0,82.01000000,19.5700
1622898477270000,0,0.00325710,19.5700
1622898728393000,0,81.61000000,19.6400
1622898728420000,0,0.00379025,19.6400
1622898890148000,1,75.98331003,19.6000
1622898914795000,1,80.00591707,19.5400
1622898960995000,0,77.56000000,19.6200
1622898961001000,0,0.00229559,19.6200
1622900402649000,1,81.02760809,19.5700
1622900927583000,0,78.57000000,19.5400
1622900927611000,0,0.00502810,19.5400
1622901081660000,1,84.02438756,19.5100
1622901347935000,0,54.71000000,19.4200
1622901349466000,0,0.00961164,19.4200
1622901498978000,1,77.04698479,19.3500
1622901546192000,0,79.14677468,19.3500
1622901547173000,0,53.84105565,19.3600
1622901605994000,1,76.61576717,19.2600
1622901652311000,0,2.62300000,19.3400
1622901783329000,0,80.30539382,19.3500
1622901783336000,0,1.63888559,19.3500
1622901798102000,0,80.38586858,19.3700
1622901912439000,1,83.42407030,19.3600
1622901928451000,1,80.69446874,19.2900
1622902005689000,1,78.65605842,19.2500
1622902225650000,0,59.92798000,19.2700
1622902225853000,0,22.55185687,19.2700
1622902264117000,0,58.74874497,19.3100
1622902265346000,0,25.15271622,19.3100
1622902277645000,0,80.88314357,19.3300
1622902277684000,0,1.65067640,19.3300
1622902487571000,1,76.85746195,19.2400
1622902574408000,0,78.83958174,19.2700
1622903171314000,1,78.74744490,19.4300
1622903480158000,1,76.72205360,19.4100
1622903888687000,0,78.38356705,19.2900
1622903971695000,1,54.89128885,19.3200
1622903971695000,1,54.89128885,19.3100
1622903971695000,1,12.12743354,19.3000
1622904557624000,1,77.70423371,19.2000
1622904671143000,0,81.01000000,19.2400
1622904671183000,0,0.00574459,19.2400
1622904964390000,0,84.74000000,19.2300
1622904964422000,0,0.00375679,19.2300
1622905018799000,1,78.78887703,19.2000
1622905271776000,0,83.44000000,19.2400
1622905271812000,0,0.00781157,19.2400
1622905541378000,1,80.03912469,19.2400
1622905636810000,1,84.56456546,19.1700
1622905858769000,0,79.34568619,19.2100
1622905997419000,0,80.43003120,19.2100
1622905997430000,0,1.64142921,19.2100
1622906378759000,1,80.67701601,19.3300
1622907430329000,0,82.70290954,19.3500
1622907964207000,1,83.95000000,19.4000
1622907964213000,1,0.00435421,19.4000
1622908115333000,0,78.90529100,19.4300
1622908123757000,0,1.57810582,19.4300
1622908123768000,0,0.03220624,19.4300
1622908636526000,1,77.06129556,19.5000
1622908759710000,1,83.10648108,19.4600
1622908759710000,1,90.60000000,19.4600
1622908923055000,0,81.93000000,19.4900
1622908923078000,0,0.00101228,19.4900
1622908930777000,0,82.45000000,19.5200
1622908930790000,0,0.00559546,19.5200
1622909160413000,1,82.01000000,19.4700
1622909160434000,1,0.00627413,19.4700
1622909930843000,0,82.34000000,19.4000
1622909930884000,0,0.00443702,19.4000
1622910073162000,1,18.18122110,19.3700
1622910083542000,1,63.58000000,19.3700
1622910083546000,1,0.00114055,19.3700
1622910227889000,1,80.61000000,19.3500
1622910227894000,1,0.00368718,19.3500
1622910334703000,0,78.63000000,19.4200
1622910334722000,0,0.00772169,19.4200
1622911050007000,1,80.08974060,19.3900
1622911211812000,0,3.56363666,19.3700
1622911211849000,0,78.68929669,19.3700
1622911780674000,0,80.83000000,19.3500
1622911780692000,0,0.00535518,19.3500
1622911944807000,1,77.40379281,19.3300
1622912364911000,0,1.06534090,19.3700
1622912674732000,0,82.60750237,19.3700
1622912710382000,0,10.00000000,19.4100
1622912975168000,1,76.87742506,19.4300
1622913069933000,1,85.14663571,19.3800
1622913755750000,0,80.45000000,19.3500
1622913755773000,0,0.00231667,19.3500
1622913854743000,0,80.58000000,19.3800
1622913854749000,0,0.00083540,19.3800
1622914107091000,1,83.06284853,19.4400
1622914206247000,1,17.70000000,19.4100
1622914223743000,1,79.15895019,19.3700
1622914584578000,0,80.69995963,19.3900
1622914803243000,1,80.69932116,19.3800
1622914906103000,0,79.63750993,19.3900
1622915035971000,1,79.51948748,19.3200
1622915254123000,1,37.50000000,19.2800
1622916040197000,0,81.93924687,19.3100
1622916218237000,1,79.48688645,19.2700
1622916246205000,1,58.95208333,19.2000
1622916364366000,0,82.10396730,19.2500
1622916933990000,1,82.25336364,19.2800
1622916995799000,0,65.24057548,19.3200
1622916995826000,0,16.17469350,19.3200
1622918367979000,1,54.95020381,19.3300
1622918462530000,1,54.91398049,19.3400
1622918510332000,1,81.44381195,19.3400
1622918775449000,0,81.07145507,19.4000
1622918959476000,0,79.07000000,19.4500
1622918959476000,0,0.00059244,19.4500
1622919022854000,1,90.80000000,19.4400
1622919063542000,1,82.02885443,19.4300
1622919512415000,1,78.58000000,19.3900
1622919512418000,1,0.00679057,19.3900
1622919717713000,0,78.85608475,19.3700
1622919957909000,0,80.79000000,19.4300
1622919957950000,0,0.00288605,19.4300
1622920131218000,1,83.72641500,19.3800
1622920153513000,1,77.28067090,19.3500
1622920307743000,0,79.56997746,19.3700
1622920352807000,0,85.05000000,19.3900
1622920352829000,0,0.00188230,19.3900
1622920473959000,1,80.36013977,19.3100
1622920495892000,1,17.90000000,19.2900
1622920495892000,1,80.31252863,19.2900
1622920802777000,0,81.20000000,19.4200
1622920802811000,0,0.00820329,19.4200
1622920963977000,1,81.15427066,19.4000
1622920998880000,0,77.42000000,19.4200
1622920998907000,0,0.00105098,19.4200
1622921120467000,0,81.26157753,19.4500
1622921237413000,1,80.74361673,19.4100
1622921805699000,1,83.96166158,19.3000
1622922913639000,1,2.00000000,19.1700
1622923095026000,1,91.80000000,19.1400
1622923387946000,0,79.50000000,19.2100
1622923387956000,0,0.00292915,19.2100
1622923420003000,0,82.04000000,19.2500
1622923420021000,0,0.00224268,19.2500
1622924161920000,1,80.41761433,19.4100
1622924256233000,1,81.07133578,19.3600
1622924380791000,1,17.80000000,19.2800
1622924422532000,0,77.44951829,19.3200
1622924471145000,0,76.85597378,19.3200
1622924829925000,1,78.94907680,19.3200
1622925030544000,0,52.64277648,19.3100
1622925030555000,0,30.52207650,19.3100
1622925053120000,0,39.06000000,19.3300
1622925053139000,0,39.06000000,19.3300
1622925053150000,0,5.13049091,19.3300
1622925513819000,1,83.35000000,19.3600
1622925513822000,1,0.00253066,19.3600
1622925755223000,1,78.74000000,19.3400
1622925755223000,1,0.00265040,19.3400
1622926145771000,0,81.64236692,19.1800
1622926155147000,0,55.48000000,19.2000
1622926155152000,0,0.00804230,19.2000
1622926156358000,0,719.32000000,19.2000
1622926156389000,0,14.68000000,19.2000
1622926253637000,0,54.16013094,19.2600
1622926253651000,0,1.10530879,19.2600
1622926329599000,0,84.91826281,19.2700
1622926329599000,0,19.96170354,19.2700
1622926371007000,0,91.50000000,19.3000
1622926398747000,0,5.51238267,19.3500
1622926400477000,0,0.00000001,19.3500
1622926400477000,0,5.51238267,19.3500
1622926400498000,0,0.00000001,19.3500
1622926400498000,0,5.51031058,19.3600
1622926400498000,0,10.00000000,19.3600
1622926413488000,0,30.43219857,19.3600
1622926413499000,0,60.76780143,19.3600
1622926415193000,0,721.28000000,19.3600
1622926415416000,0,14.71999999,19.3600
1622926535448000,1,76.93350788,19.3500
1622926535462000,1,1.57007159,19.3500
1622926603412000,1,76.84544256,19.3200
1622926834486000,1,77.25701609,19.2400
1622927129582000,0,79.55356905,19.2300
1622927398698000,1,55.34470258,19.1100
1622927398698000,1,55.44242264,19.1000
1622927404725000,1,80.29171044,19.0000
1622927812670000,0,12.98000000,19.0800
1622927819485000,0,70.30813172,19.0800
1622928074006000,0,6.53700000,18.9400
1622928183084000,1,79.42792947,18.8600
1622928183508000,1,26.34082397,18.8400
1622928225746000,0,4.24500000,18.8700
1622928245672000,1,56.20896616,18.8100
1622928245742000,1,56.28849734,18.8000
1622928341922000,0,53.36000000,18.8300
1622928421709000,1,82.34070723,18.8000
1622928421709000,1,93.60000000,18.8000
1622928451302000,1,80.86776545,18.7300
1622928451302000,1,94.10000000,18.7300
1622928470327000,1,56.71247364,18.7000
1622928470327000,1,56.59125416,18.6900
1622928470327000,1,19.97517594,18.6800
1622928605159000,0,15.79000000,18.6500
1622928605181000,0,18.30000000,18.6500
1622928605228000,0,49.47897814,18.6500
1622928619726000,0,6.63500000,18.7200
1622928624859000,0,73.23000000,18.7200
1622928680827000,1,85.73143578,18.6900
1622928774653000,1,80.98077871,18.5900
1622928800831000,0,1.70700000,18.6300
1622928863944000,0,2.34034945,18.5500
1622929024472000,0,1.25400000,18.5500
1622929098727000,0,82.69000000,18.6100
1622929098729000,0,0.00843019,18.6100
1622929265981000,1,18.60000000,18.7200
1622929265981000,1,2.45146848,18.7100
1622929442513000,1,35.29805641,18.6000
1622929442643000,1,57.04899511,18.5900
1622929444081000,1,85.53152402,18.5600
1622929444674000,1,272.00000000,18.5500
1622929507993000,1,80.49234034,18.4800
1622929515050000,0,6.36574537,18.5200
1622929515189000,0,9.54934044,18.5200
1622929515244000,0,7.16104650,18.5200
1622929635520000,0,82.30000000,18.5500
1622929635521000,0,0.00557942,18.5500
1622929932897000,1,18.90000000,18.5600
1622929934352000,0,621.78000000,18.5600
1622929934368000,0,123.32000000,18.5600
1622930032216000,0,5.00000000,18.5700
1622930071516000,0,79.15000000,18.6000
1622930071526000,0,0.00373455,18.6000
1622930348049000,1,95.00000000,18.5700
1622930348049000,1,84.51007026,18.5700
1622930470415000,0,79.47419907,18.6400
1622930720077000,1,78.88542204,18.7600
1622931118478000,1,80.11993412,18.7600
1622931420720000,0,82.09000000,18.8100
1622931420784000,0,0.00241066,18.8100
1622931861115000,1,18.20000000,18.8900
1622932986137000,1,30.50000000,18.8000
1622932988518000,1,79.29754965,18.8000
1622932988518000,1,20.30000000,18.8000
1622933003239000,1,20.60000000,18.7800
1622933140604000,0,79.93000000,18.8300
1622933140631000,0,0.00229371,18.8300
1622933208710000,0,84.98000000,18.8500
1622933286411000,1,77.55630386,18.8700
1622933452321000,0,82.13000000,18.8700
1622933452329000,0,0.00727515,18.8700
1622933522595000,1,79.21288035,18.8300
1622933622414000,1,18.70000000,18.7700
1622933622414000,1,82.37201281,18.7700
1622933703430000,0,81.79000000,18.8200
1622933703439000,0,0.00866430,18.8200
1622933794316000,1,78.07325465,18.8000
1622934022391000,0,84.53000000,18.8500
1622934142019000,0,85.44000000,18.9000
1622934142087000,0,0.00492352,18.9000
1622934462902000,1,92.20000000,19.0700
1622934538465000,1,81.84012002,19.0600
1622934538465000,1,92.70000000,19.0600
1622934574061000,1,92.40000000,19.0400
1622934819327000,1,92.50000000,19.0800
1622934830266000,1,92.50000000,19.0700
1622934899538000,1,80.85581217,19.0600
1622934899538000,1,92.30000000,19.0600
1622934907737000,1,92.50000000,19.0500
1622934916877000,1,92.60000000,19.0400
1622935265119000,1,28.50000000,19.0700
1622935404904000,1,18.40000000,19.0600
1622935417989000,1,18.20000000,19.0500
1622935659311000,1,19.70000000,19.0100
1622935703121000,1,26.10000000,19.0200
1622935730024000,1,55.81244492,19.0100
1622935730024000,1,18.10000000,19.0100
1622935749380000,0,744.00000000,18.9900
1622936119125000,0,83.19000000,19.0400
1622936119128000,0,0.00101870,19.0400
1622936388454000,0,79.48000000,19.1000
1622936388489000,0,0.00535423,19.1000
1622936409673000,1,55.58584252,19.0800
1622936409673000,1,18.10000000,19.0800
1622936476121000,1,55.58144529,19.0700
1622936476121000,1,84.75513952,19.0700
1622936476121000,1,18.00000000,19.0700
1622936476200000,0,585.66341519,19.0700
1622936591985000,1,55.58144529,19.0600
1622936591985000,1,82.93341091,19.0600
1622936591985000,1,18.00000000,19.0600
1622936592115000,0,55.58144529,19.0600
1622936668630000,0,83.13000000,19.1200
1622936722740000,1,55.46854514,19.1200
1622936722740000,1,18.40000000,19.1200
1622936722740000,1,77.06249341,19.1200
1622936722859000,0,55.46854514,19.1200
1622936759242000,0,372.00000000,19.1400
1622936759463000,0,364.56000000,19.1400
1622937020180000,0,80.33000000,19.1500
1622937020197000,0,0.00541685,19.1500
1622937467657000,1,81.29000000,19.2200
