timestamp ms,type,amount,price
1628208335591000,1,9.90000000,17.2800
1628208345687000,1,78.46594943,17.2600
1628208356747000,1,10.00000000,17.2400
1628208375427000,1,12.09534825,17.2000
1628209054042000,1,10.10000000,17.2400
1628209128911000,1,10.00000000,17.2500
1628209198340000,1,10.30000000,17.2200
1628209298347000,1,9.90000000,17.2200
1628209325877000,1,10.30000000,17.2000
1628209514679000,1,10.10000000,17.1300
1628209517116000,1,10.20000000,17.1100
1628209535857000,1,10.10000000,17.0900
1628209546283000,1,10.00000000,17.0500
1628209570845000,1,10.40000000,17.0600
1628209574780000,1,30.18666622,17.0400
1628210502629000,1,10.20000000,17.0900
1628210502629000,1,11.70312244,17.0800
1628210502629000,1,62.87127932,17.0700
1628210502629000,1,29.86977046,17.0700
1628211227264000,1,98.00000000,17.0000
1628211227772000,1,2.00000000,17.0000
1628212179413000,1,9.80000000,17.0800
1628212315448000,1,10.40000000,17.0600
1628215618282000,1,9.90000000,17.1100
1628216685115000,1,12.59792138,16.9700
1628216685115000,1,16.15749812,16.9700
1628218145307000,1,10.50000000,16.8300
1628218471693000,1,10.50000000,16.8100
1628218616315000,1,10.60000000,16.8300
1628219095466000,1,10.40000000,16.8900
1628219300721000,1,10.40000000,16.8900
1628219699080000,1,10.10000000,16.8200
1628219884172000,1,30.01946081,16.9000
1628219884172000,1,12.01019861,16.9000
1628220494179000,1,11.31000000,16.8400
1628220494182000,1,0.00682203,16.8400
1628222138469000,1,12.96001854,16.7400
1628222385482000,1,77.82231003,16.7300
1628222385482000,1,83.30853459,16.7300
1628222385482000,1,10.40000000,16.7300
1628222385482000,1,32.04680278,16.7300
1628222385482000,1,12.82193705,16.7300
1628222405650000,1,11.39178196,16.7200
1628222460727000,0,80.53000000,16.7600
1628222510982000,1,11.54763343,16.8000
1628222789276000,1,10.40000000,16.7800
1628223232308000,1,11.79787903,16.7000
1628223280262000,1,10.60000000,16.6900
1628223280262000,1,64.52378749,16.6900
1628223280262000,1,12.78395312,16.6900
1628223280262000,1,31.95988280,16.6900
1628223280262000,1,52.59243022,16.6900
1628223280268000,1,30.49913653,16.6900
1628223280268000,1,58.64638930,16.6800
1628223281111000,0,1.72866824,16.6200
1628223298928000,0,4.58000000,16.6100
1628223298992000,0,123.36108860,16.6100
1628223298992000,0,51.17457670,16.6100
1628223300667000,0,51.12000000,16.6200
1628223878753000,1,77.48000000,16.6900
1628223878766000,1,0.00177318,16.6900
1628223946715000,1,79.80917983,16.6600
1628223946715000,1,10.30000000,16.6600
1628223976163000,1,10.30000000,16.6600
1628224699593000,1,82.18000000,16.7000
1628227958435000,1,13.61602784,16.7300
1628229019620000,0,11.43883403,16.7800
1628229019649000,0,21.35377236,16.7800
1628229019668000,0,16.01293284,16.7800
1628229019704000,0,48.02647825,16.7800
1628229019967000,0,4.85000000,16.7800
1628229020045000,0,224.31798252,16.7800
1628229616365000,1,13.68000000,16.8000
1628229616374000,1,0.00496920,16.8000
1628229803759000,0,41.30119047,16.8000
1628230040210000,1,10.60000000,16.7900
1628230442596000,1,10.00000000,16.8600
1628230511811000,0,406.00000000,16.8900
1628230539360000,0,81.13000000,16.9400
1628230981567000,1,10.50000000,16.9500
1628230981567000,1,13.41207453,16.9500
1628231984527000,1,32.88993972,16.8900
1628231984527000,1,13.14959387,16.8900
1628231984527000,1,61.57358830,16.8900
1628233162517000,0,63.85618013,16.8900
1628233162517000,0,10.00000000,16.8900
1628233162517000,0,56.44669334,16.9000
1628233624607000,1,83.88986396,16.8300
1628233624607000,1,12.67079333,16.8300
1628234900555000,1,10.20000000,16.7500
1628237066590000,1,12.59000000,16.7500
1628237754635000,1,31.03749123,16.8000
1628237754635000,1,12.41250877,16.8000
1628237754685000,1,0.00603280,16.8000
1628238577096000,0,86.87125572,16.7900
1628239255600000,1,8.13072366,16.7900
1628239255610000,1,3.81048902,16.7900
1628240194355000,1,12.33365974,16.8400
1628242752226000,1,12.09013844,16.8000
1628242752226000,1,30.21986156,16.8000
1628242787733000,0,33.07000000,16.8200
1628242838113000,1,18.23913730,16.8000
1628242838113000,1,45.59086270,16.8000
1628242838308000,1,0.00744138,16.8000
1628242860429000,1,118.55000000,16.7900
1628242860552000,1,0.00862534,16.7900
1628242861032000,1,46.69639360,16.7900
1628242861032000,1,18.67360640,16.7900
1628242861056000,1,0.00474475,16.7900
1628242870400000,1,40.47660178,16.7900
1628242870400000,1,16.19055878,16.7900
1628242870400000,1,105.23283944,16.7900
1628242871330000,1,0.00955008,16.7900
1628242871330000,1,80.51420061,16.7800
1628242873177000,1,13.25399871,16.7800
1628242873177000,1,33.13499679,16.7800
1628242873177000,1,86.15100450,16.7800
1628242873199000,1,0.00290095,16.7800
1628242894031000,1,8.48948822,16.7900
1628242894031000,1,21.22051178,16.7900
1628242894122000,1,0.00320876,16.7900
1628242894122000,1,55.18288608,16.7800
1628242899476000,1,8.88000000,16.7900
1628242902055000,1,21.96086592,16.7900
1628242902055000,1,57.09913408,16.7900
1628242924257000,1,8.05022270,16.8000
1628242924257000,1,8.70977730,16.8000
1628242926176000,1,11.41000000,16.8000
1628242926278000,1,0.00577944,16.8000
1628242929059000,1,52.32000000,16.7900
1628242935846000,1,5.66418938,16.8000
1628242937995000,1,0.11559570,16.8000
1628242937995000,1,14.28440430,16.8000
1628242945537000,1,6.44000000,16.8000
1628242946950000,1,0.00312766,16.8000
1628242946950000,1,16.10687234,16.8000
1628242955484000,1,0.00094680,16.8000
1628242955484000,1,41.87905320,16.7900
1628242955752000,1,0.00175860,16.7900
1628242956656000,1,6.18946812,16.7900
1628242956656000,1,15.47053188,16.7900
1628242957227000,1,0.00313841,16.7900
1628242957550000,1,6.18946812,16.7800
1628242957550000,1,15.47367029,16.7800
1628242957550000,1,40.22686159,16.7800
1628242961760000,1,14.29000000,16.7800
1628242993586000,0,126.09114741,16.8300
1628242993586000,0,17.32885259,16.8300
1628242993652000,0,33.10939854,16.8300
1628243012725000,0,50.44220874,16.8300
1628243012725000,0,126.09779126,16.8300
1628243012745000,0,0.00324969,16.8300
1628244177386000,0,24.42000000,16.8100
1628244177421000,0,26.08590381,16.8100
1628244467408000,1,5.31604570,16.7800
1628244467527000,1,6.29767056,16.7800
1628249340056000,1,12.61000000,16.8000
1628249340181000,1,0.00692368,16.8000
1628249461899000,1,12.45000000,16.8200
1628249461927000,1,0.00436497,16.8200
1628251192647000,1,12.36412061,16.7600
1628251192647000,1,30.89924120,16.7600
1628251192647000,1,77.86480618,16.7600
1628251404162000,1,10.69743790,16.7000
1628252131308000,0,97.72000000,16.9000
1628252131314000,0,314.28000000,16.9000
1628252219197000,1,4.88000000,16.9700
1628252219257000,1,11.82867342,16.9700
1628253015742000,1,16.49000000,16.9900
1628253015790000,1,0.00921927,16.9900
1628253027889000,0,34.23740000,17.0000
1628253601730000,1,10.40000000,16.9100
1628253653810000,1,15.92418534,16.9100
1628253664379000,1,63.76406369,16.8900
1628253664379000,1,308.00000000,16.8900
1628253686964000,1,62.48878242,16.8900
1628253687828000,1,1.27528127,16.8900
1628253687828000,1,63.58932367,16.8800
1628253687828000,1,81.76738218,16.8800
1628253687828000,1,16.09216217,16.8800
1628253687828000,1,40.24665806,16.8800
1628253689614000,1,63.76406369,16.8900
1628253689614000,1,61.05163628,16.8800
1628253690647000,1,2.49631400,16.8800
1628253695495000,1,0.05094518,16.8800
1628253695495000,1,63.62515618,16.8700
1628253695495000,1,13.88650533,16.8700
1628253697407000,1,63.69000717,16.8600
1628253697407000,1,38.68839983,16.8600
1628253697407000,1,13.12131355,16.8600
1628253700552000,1,63.69000717,16.8600
1628253700552000,1,99.60058957,16.8600
1628253700552000,1,11.74951152,16.8600
1628253701544000,1,3.57224711,16.8600
1628253701544000,1,62.34476208,16.8600
1628253702427000,1,1.34524509,16.8600
1628253703402000,1,63.69000717,16.8600
1628253703402000,1,13.49064043,16.8600
1628253703402000,1,31.50845611,16.8600
1628253739488000,1,62.53316357,16.8200
1628253740456000,1,1.25066327,16.8200
1628253742400000,1,0.02552374,16.8200
1628253742400000,1,63.80935058,16.8200
1628253742400000,1,63.85403883,16.8100
1628253742400000,1,12.97425695,16.8100
1628253744296000,1,62.57695805,16.8100
1628253745287000,1,82.48502513,16.8100
1628253745287000,1,63.87554715,16.8000
1628253745287000,1,32.46802463,16.8000
1628253745287000,1,10.87929943,16.8000
1628253746237000,1,12.68934341,16.8100
1628253746237000,1,1.67110553,16.8000
1628253747121000,1,0.29307039,16.8000
1628253747121000,1,14.06737855,16.8000
1628253832779000,1,63.96289003,16.7800
1628253832779000,1,28.17453824,16.7800
1628253832779000,1,11.27444224,16.7800
1628253832779000,1,64.01452108,16.7700
1628253832779000,1,73.29418802,16.7700
1628253832779000,1,64.03606620,16.7600
1628253832779000,1,83.56207695,16.7600
1628253840752000,1,10.00950763,16.7800
1628253840752000,1,24.32049681,16.7800
1628253862171000,1,313.60000000,16.7700
1628253879569000,1,24.05561636,16.7800
1628253879569000,1,9.62131893,16.7800
1628253879569000,1,60.61529605,16.7800
1628253892930000,0,1.66600000,16.8100
1628253893422000,0,75.74095811,16.8100
1628253893575000,0,1.54573384,16.8100
1628253900780000,1,292.00000000,16.7800
1628253900780000,1,2.55410977,16.7800
1628253900839000,1,6.01130836,16.7800
1628253900839000,1,34.66588000,16.7700
1628253906427000,1,8.56448488,16.7600
1628253906427000,1,55.06965627,16.7600
1628253906427000,1,7.02937577,16.7600
1628253907253000,1,1.44211259,16.7600
1628253907253000,1,20.73901869,16.7600
1628253913675000,1,64.09973175,16.7500
1628253913675000,1,7.18579630,16.7500
1628253922923000,1,7.10847500,16.7400
1628253931895000,1,7.27868776,16.7300
1628253931895000,1,17.68718411,16.7300
1628253935581000,1,7.28092605,16.7400
1628253935581000,1,6.99145006,16.7300
1628253946862000,1,360.00000000,16.7200
1628253946862000,1,6.84593985,16.7200
1628253960293000,1,6.76843674,16.7300
1628253960293000,1,16.91689720,16.7300
1628253960293000,1,364.08629332,16.7200
1628253998826000,1,6.49836605,16.7300
1628253998826000,1,16.24404289,16.7200
1628253998826000,1,40.93497309,16.7200
1628254026276000,1,5.77941642,16.7500
1628254026276000,1,28.19541043,16.7500
1628254034779000,1,5.39257706,16.7600
1628254034779000,1,13.47972365,16.7600
1628254034779000,1,35.04347311,16.7600
1628254034779000,1,349.76168452,16.7500
1628254037813000,1,4.78545126,16.7600
1628254037813000,1,11.96362815,16.7600
1628254037813000,1,7.73856758,16.7500
1628254052727000,1,4.59517141,16.7600
1628254052727000,1,29.87746978,16.7500
1628254056990000,1,3.87139805,16.7500
1628254056990000,1,25.16408735,16.7500
1628254056990000,1,3.21326038,16.7500
1628254074970000,1,3.84036608,16.7800
1628254074970000,1,9.60091520,16.7800
1628254074970000,1,24.97532008,16.7700
1628254074970000,1,397.11166797,16.7700
1628254085155000,1,3.40701965,16.8000
1628254085155000,1,8.51833726,16.7900
1628254091628000,0,52.80000000,16.8200
1628254091628000,0,62.28977407,16.8200
1628254120733000,1,8.16695306,16.8200
1628254120733000,1,21.23523668,16.8200
1628254120733000,1,3.26695949,16.8200
1628254120733000,1,281.58661702,16.8100
1628254158782000,1,2.89720610,16.8400
1628254158782000,1,2.89716659,16.8300
1628254158782000,1,7.24341030,16.8300
1628254158782000,1,281.97924434,16.8200
1628254170521000,1,2.75287343,16.8300
1628254170521000,1,6.88190184,16.8200
1628254170521000,1,17.34227995,16.8200
1628254202849000,0,76.94889081,16.8600
1628254202961000,0,1.57038553,16.8600
1628254211290000,1,2.45035674,16.8300
1628254211290000,1,6.12563878,16.8300
1628254211290000,1,15.42934127,16.8200
1628254262457000,1,63.97760954,16.8400
1628254262457000,1,2.17980190,16.8300
1628254262457000,1,63.97760954,16.8300
1628254262457000,1,64.04217131,16.8200
1628254262457000,1,14.17409913,16.8200
1628254262457000,1,80.71299052,16.8200
1628254262457000,1,5.45034625,16.8200
1628254262457000,1,64.01064157,16.8100
1628254262457000,1,143.98635781,16.8100
1628254280287000,1,1.93659726,16.8200
1628254280287000,1,64.04600025,16.8200
1628254280287000,1,4.84109590,16.8200
1628254280287000,1,12.58355863,16.8200
1628254280287000,1,61.06228370,16.8100
1628254290635000,1,1.71852900,16.8200
1628254290635000,1,2.94835787,16.8100
1628254290635000,1,11.16935411,16.8100
1628254290635000,1,3.89377131,16.8100
1628254315776000,1,64.01064157,16.8100
1628254317600000,1,64.01064157,16.8100
1628254317600000,1,63.93886190,16.8000
1628254336405000,1,62.72550213,16.7800
1628254340586000,1,1.25451004,16.7800
1628254346027000,1,0.02560225,16.7800
1628254346027000,1,62.72499009,16.7800
1628254350464000,1,1.28062433,16.7800
1628254350464000,1,270.00000000,16.7800
1628254350464000,1,57.33126989,16.7700
1628254361432000,1,64.00561442,16.7800
1628254361432000,1,352.21212560,16.7800
1628254365913000,1,64.00561442,16.7800
1628254365913000,1,5.29212560,16.7700
1628254391251000,1,64.00561442,16.7800
1628254391251000,1,1.41423959,16.7700
1628254391251000,1,61.48412847,16.7600
1628254394997000,1,20.00126625,16.7800
1628254395169000,1,44.00434817,16.7800
1628254395555000,1,1.53388321,16.7700
1628254417852000,1,64.21443464,16.7700
1628254417852000,1,1.51669897,16.7700
1628254417852000,1,64.24768669,16.7600
1628254417852000,1,3.79350251,16.7600
1628254417852000,1,9.85931333,16.7600
1628254417852000,1,64.10071037,16.7500
1628254417852000,1,79.44371434,16.7500
1628254417852000,1,364.69647878,16.7500
1628254497811000,1,64.24057249,16.7700
1628254497811000,1,1.34696628,16.7700
1628254497811000,1,64.24768669,16.7600
1628254497811000,1,3.36824632,16.7600
1628254497811000,1,5.91602103,16.7600
1628254516935000,1,64.24768669,16.7600
1628254516935000,1,2.76931794,16.7600
1628254516935000,1,1.22762866,16.7600
1628254516935000,1,64.10071037,16.7500
1628254516935000,1,7.97996191,16.7500
1628254516935000,1,302.95349389,16.7500
1628254555752000,1,64.24768669,16.7600
1628254555752000,1,64.10071037,16.7500
1628254555752000,1,7.10919961,16.7500
1628254555752000,1,2.73312008,16.7500
1628254555752000,1,64.14738782,16.7400
1628254555752000,1,75.49740771,16.7400
1628254567098000,1,64.10071037,16.7500
1628254567098000,1,64.15191535,16.7400
1628254567098000,1,2.45818567,16.7400
1628254567098000,1,64.17930487,16.7300
1628254567098000,1,331.64831845,16.7300
1628254607373000,1,64.10071037,16.7500
1628254607373000,1,2.38841149,16.7500
1628254607373000,1,4.75530766,16.7500
1628254612249000,1,1.45396795,16.7500
1628254612249000,1,62.78961680,16.7500
1628254615568000,1,2.18625043,16.7600
1628254615568000,1,64.26241583,16.7600
1628254615568000,1,1.31109357,16.7500
1628254615568000,1,0.78761135,16.7500
1628254619563000,1,64.26241583,16.7600
1628254619563000,1,2.06109931,16.7600
1628254619563000,1,5.57851322,16.7500
1628254619563000,1,61.38065560,16.7500
1628254628026000,1,1.81054610,16.7600
1628254631437000,0,86.53000000,16.7800
1628254717578000,1,62.92109492,16.7800
1628254718384000,1,1.28410398,16.7800
1628254719357000,1,64.20519890,16.7800
1628254719357000,1,63.42814290,16.7700
1628254720122000,1,64.20519890,16.7800
1628254720122000,1,0.81026268,16.7700
1628254720122000,1,1.79449940,16.7700
1628254720122000,1,64.28122591,16.7600
1628254720122000,1,413.55280411,16.7600
1628254720942000,1,64.23840558,16.7700
1628254720942000,1,6.44719589,16.7600
1628254720942000,1,4.66798760,16.7600
1628254720942000,1,64.28122591,16.7600
1628254725798000,1,64.23840558,16.7700
1628254725798000,1,1.79537302,16.7700
1628254725798000,1,64.28122591,16.7600
1628254725798000,1,0.05935358,16.7500
1628254730135000,1,64.28122591,16.7600
1628254730135000,1,1.51296691,16.7600
1628254730135000,1,2.66070119,16.7500
1628254730135000,1,3.93577587,16.7500
1628254730135000,1,61.42106365,16.7400
1628254746252000,1,64.28122591,16.7600
1628254746252000,1,64.10071037,16.7500
1628254746252000,1,2.73085170,16.7400
1628254746252000,1,12.07774424,16.7400
1628254763317000,1,64.28122591,16.7600
1628254763317000,1,64.10071037,16.7500
1628254763317000,1,1.41150306,16.7500
1628254763317000,1,3.66995965,16.7500
1628254763317000,1,64.15191535,16.7400
1628254763317000,1,15.00000000,16.7400
1628254763317000,1,64.17727233,16.7300
1628254763317000,1,48.00000000,16.7300
1628254763317000,1,64.22397640,16.7200
1628254763317000,1,348.00000000,16.7200
1628254763317000,1,64.25034483,16.7100
1628254763317000,1,82.56758141,16.6900
1628254763317000,1,509.00000000,16.6800
1628254763317000,1,206.78708043,16.6800
1628254763464000,1,40.86563700,16.7600
1628254763609000,1,23.38197577,16.7600
1628254766252000,1,64.15191535,16.7400
1628254766252000,1,64.20519890,16.7300
1628254766252000,1,64.22295798,16.7200
1628254766252000,1,64.26904319,16.7100
1628254766252000,1,34.81119000,16.7000
1628254766252000,1,125.16328348,16.7000
1628254779327000,1,64.20519890,16.7300
1628254779327000,1,3.19544993,16.7300
1628254795331000,1,64.20519890,16.7300
1628254795331000,1,1.72215166,16.7300
1628254797978000,1,1.34545613,16.7300
1628254797978000,1,64.20519890,16.7300
1628254797978000,1,61.62748572,16.7200
1628254807186000,1,64.20519890,16.7300
1628254807186000,1,1.25945884,16.7200
1628254816952000,0,48.00000000,16.7400
1628254836677000,1,64.26904319,16.7100
1628254836677000,1,61.77237002,16.7000
1628254847831000,1,64.26904319,16.7100
1628254847831000,1,1.23544740,16.7000
1628254859040000,1,48.00000000,16.7200
1628254861885000,1,16.43229896,16.7200
1628254861885000,1,64.26904319,16.7100
1628254861885000,1,1.33682634,16.7000
1628254861885000,1,272.75923663,16.7000
1628254863320000,1,48.00000000,16.7200
1628254869100000,1,16.43229896,16.7200
1628254869100000,1,62.65501635,16.7100
1628254871376000,0,48.00000000,16.7300
1628254885127000,0,64.38474602,16.7400
1628254887408000,0,48.00000000,16.7400
1628254890979000,1,16.36566920,16.7400
1628254890979000,1,15.75575558,16.7300
1628254895106000,1,63.72521529,16.7400
1628254908278000,0,48.00000000,16.7600
1628254908278000,0,15.00000000,16.7600
1628254908278000,0,1.29944571,16.7600
1628254920795000,1,64.30141912,16.7500
1628254920795000,1,0.64497532,16.7400
1628254920795000,1,375.02107211,16.7400
1628254964971000,1,64.33285821,16.7600
1628254964971000,1,61.72873357,16.7500
1628255031228000,1,2.52123184,16.7500
1628255041602000,1,0.05145371,16.7500
1628255041602000,1,63.01436166,16.7500
1628255055228000,1,63.08278680,16.7400
1628255058029000,0,15.00000000,16.7600
1628255058029000,0,33.65897960,16.7600
1628255060842000,1,1.26165573,16.7400
1628255064681000,1,0.02574808,16.7400
1628255064681000,1,63.08227184,16.7400
1628255066854000,1,1.26216039,16.7400
1628255072266000,0,7.76160000,16.7600
1628255074969000,0,14.70000000,16.7600
1628255082137000,1,0.02575838,16.7400
1628255082137000,1,0.65553928,16.7300
1628255082137000,1,2.84479348,16.7300
1628255082137000,1,425.24947818,16.7300
1628255082441000,1,8.75052182,16.7300
1628255082441000,1,64.43229896,16.7200
1628255082441000,1,1.61402684,16.7100
1628255082441000,1,40.29292645,16.7000
1628255200088000,1,299.88000000,16.7300
1628255215753000,1,280.28000000,16.7400
1628255261787000,1,2.63008514,16.7600
1628255261787000,1,235.14739830,16.7500
1628255269060000,1,2.38975077,16.7500
1628255285189000,1,2.21774150,16.7700
1628255358255000,1,294.09881113,16.7700
1628255373997000,1,2.09931172,16.7800
1628255373997000,1,411.55801377,16.7700
1628255401061000,1,1.90719436,16.7900
1628255466711000,1,386.12000000,16.7600
1628255500106000,1,256.76000000,16.7600
1628255549038000,0,15.00000000,16.7900
1628255551156000,1,49.25189194,16.7900
1628255551156000,1,64.24256843,16.7800
1628255551156000,1,64.24976199,16.7700
1628255551156000,1,59.43948491,16.7600
1628255568659000,1,4.17651036,16.7700
1628255568687000,1,32.17028575,16.7700
1628255669775000,1,4.74367414,16.7600
1628255681435000,1,0.09680968,16.7600
1628255681435000,1,62.93565411,16.7500
1628255691023000,1,1.28637681,16.7500
1628255691023000,1,64.23422400,16.7400
1628255691023000,1,367.16958798,16.7400
1628255702436000,1,64.23452733,16.7300
1628255702436000,1,237.20318301,16.7300
1628255754322000,1,270.48000000,16.7400
1628255781165000,1,280.28000000,16.7300
1628255838161000,1,374.36000000,16.7500
1628255919645000,1,260.68000000,16.7500
1628255955634000,1,392.00000000,16.7600
1628255983139000,0,14.70000000,16.7900
1628256047384000,0,15.00000000,16.7900
1628256049969000,0,15.00000000,16.7900
1628256055544000,0,84.66455338,16.8000
1628256055544000,0,15.00000000,16.8000
1628256063671000,0,15.00000000,16.8000
1628256073898000,0,15.00000000,16.8000
1628256134333000,0,15.00000000,16.7900
1628256158353000,0,85.43371447,16.8000
1628256158353000,0,15.00000000,16.8000
1628256177718000,0,15.00000000,16.8000
1628256177718000,0,64.30000000,16.8000
1628256236717000,0,48.00000000,16.8400
1628256236717000,0,50.35606053,16.8500
1628256236717000,0,125.86435919,16.8500
1628256263597000,0,50.29000000,16.8600
1628256263604000,0,0.00673668,16.8600
1628256500424000,1,6.98444288,16.8400
1628256500424000,1,2.59769285,16.8400
1628256504064000,1,64.11760047,16.8200
1628256504064000,1,85.27180986,16.8200
1628256504064000,1,6.49829758,16.8200
1628256506109000,1,62.83524846,16.8200
1628256507930000,1,1.25670497,16.8200
1628256517165000,1,0.02564704,16.8200
1628256517165000,1,64.15801761,16.8100
1628256517165000,1,6.72443349,16.8100
1628256517165000,1,1.21731471,16.8100
1628256517988000,1,1.47194720,16.8100
1628256517988000,1,64.15801761,16.8100
1628256518881000,1,64.15801761,16.8100
1628256518881000,1,64.19369580,16.8000
1628256518881000,1,16.53896798,16.8000
1628256518881000,1,277.76205478,16.8000
1628256519772000,1,66.23794522,16.8000
1628256519772000,1,5.08996676,16.8000
1628256522883000,1,2.52953591,16.8000
1628256522883000,1,64.19369580,16.8000
1628256522883000,1,4.36717046,16.8000
1628256530381000,1,2.19451284,16.7900
1628256530381000,1,64.05633554,16.7800
1628256530381000,1,15.12740279,16.7800
1628256530381000,1,3.74891566,16.7800
1628256531178000,1,1.73688191,16.7800
1628256531178000,1,62.74047119,16.7800
1628256532092000,1,1.28954706,16.7800
1628256533916000,1,0.02631729,16.7800
1628256533916000,1,64.09396598,16.7700
1628256533916000,1,82.60031009,16.7700
1628256533916000,1,1.95786272,16.7700
1628256533916000,1,4.89465680,16.7700
1628256533916000,1,9.40012328,16.7700
1628256534763000,1,3.32598441,16.7700
1628256534763000,1,62.74556697,16.7700
1628256542755000,1,1.71845756,16.7800
1628256542755000,1,64.23985384,16.7800
1628256542755000,1,11.16997416,16.7800
1628256542755000,1,2.66765532,16.7800
1628256546557000,1,64.23985384,16.7800
1628256546557000,1,1.57319941,16.7800
1628256546557000,1,2.46495133,16.7800
1628256548369000,1,1.39342866,16.7800
1628256548369000,1,64.23985384,16.7800
1628256548369000,1,1.34839901,16.7700
1628256548369000,1,332.00000000,16.7700
1628256548369000,1,1.85151860,16.7700
1628256644257000,1,64.20567698,16.7900
1628256644257000,1,63.10330301,16.7800
1628256856996000,1,64.24124093,16.7300
1628256856996000,1,1.46644389,16.7300
1628256856996000,1,2.27828371,16.7300
1628256857788000,1,62.95641611,16.7300
1628256858666000,1,1.28482482,16.7300
1628256858666000,1,3.56631920,16.7300
1628256860391000,1,0.09900294,16.7300
1628256860391000,1,254.00000000,16.7300
1628256860391000,1,1.46572245,16.7300
1628256860391000,1,57.84512160,16.7300
1628256862366000,1,6.39611933,16.7300
1628256870046000,1,1.36567290,16.7400
1628256870046000,1,64.36746577,16.7400
1628256870046000,1,2.03074974,16.7400
1628256870892000,1,1.38293650,16.7400
1628256870892000,1,8.87411632,16.7400
1628256870892000,1,64.36746577,16.7400
1628256870892000,1,1.36505680,16.7400
1628256870892000,1,64.24124093,16.7300
1628256870892000,1,287.27538367,16.7300
1628256871723000,1,8.72461633,16.7300
1628256871723000,1,8.87411632,16.7300
1628256873546000,1,64.36746577,16.7400
1628256873546000,1,61.66906680,16.7300
1628256877370000,1,2.57217413,16.7300
1628256877370000,1,5.63364204,16.7300
1628256877370000,1,2.16678540,16.7300
1628256877370000,1,64.27612991,16.7200
1628256877370000,1,292.50702537,16.7200
1628256941683000,1,64.40177231,16.7300
1628256941683000,1,2.52316255,16.7300
1628256941683000,1,64.27612991,16.7200
1628256941683000,1,407.56815736,16.7200
1628257034661000,1,64.40177231,16.7300
1628257034661000,1,2.45190840,16.7300
1628257034661000,1,6.37746889,16.7300
1628257034661000,1,276.00000000,16.7300
1628257034661000,1,56.00598432,16.7200
1628257513369000,1,64.38933071,16.7400
1628257513369000,1,64.40177231,16.7300
1628257513369000,1,2.20372668,16.7300
1628257513369000,1,5.73266100,16.7300
1628257513369000,1,352.29019286,16.7300
1628257513512000,1,64.38888830,16.7400
1628257515636000,1,0.00044241,16.7400
1628257515636000,1,2.20336902,16.7400
1628257515636000,1,5.72875946,16.7400
1628257515636000,1,64.38933071,16.7400
1628257515636000,1,1.70980714,16.7300
1628257515636000,1,61.63310269,16.7300
1628257518516000,1,1.98040192,16.7400
1628257518516000,1,5.14904500,16.7400
1628257518516000,1,64.38933071,16.7400
1628257518516000,1,2.76866962,16.7300
1628257518516000,1,6.61899373,16.7200
1628257526459000,1,64.38933071,16.7400
1628257526459000,1,1.55668581,16.7400
1628257526459000,1,4.04772136,16.7400
1628257526459000,1,63.33199093,16.7300
1628257528994000,1,64.38933071,16.7400
1628257528994000,1,3.63761844,16.7400
1628257528994000,1,1.39908402,16.7400
1628257528994000,1,1.06978138,16.7300
1628257528994000,1,265.15008371,16.7300
1628257536087000,1,64.38933071,16.7400
1628257536087000,1,1.25750920,16.7400
1628257536087000,1,3.26952393,16.7400
1628257536087000,1,64.40177231,16.7300
1628257536087000,1,1.65115186,16.7200
1628257536087000,1,80.71945212,16.7200
1628257538371000,1,64.38933071,16.7400
1628257538371000,1,64.40177231,16.7300
1628257538371000,1,1.25778713,16.7200
1628257538371000,1,3.27024653,16.7200
1628257538371000,1,60.32422458,16.7200
1628257556066000,1,64.40177231,16.7300
1628257556066000,1,2.61055245,16.7300
1628257556066000,1,2.53262073,16.7200
1628257563998000,1,63.11373686,16.7300
1628257567591000,0,87.79380055,16.7500
1628257567591000,0,34.71619945,16.7500
1628257585695000,1,64.37637793,16.7400
1628257585695000,1,1.28803545,16.7300
1628257585695000,1,1.41928460,16.7200
1628257585695000,1,2.41785847,16.7200
1628257589265000,1,64.40177231,16.7300
1628257589265000,1,61.70257187,16.7200
1628257595099000,1,64.40177231,16.7300
1628257595099000,1,2.57355804,16.7200
1628257595099000,1,2.24444453,16.7200
1628257595099000,1,64.29016438,16.7100
1628257595099000,1,332.48980121,16.7100
1628257599140000,1,64.40177231,16.7300
1628257599140000,1,64.27612991,16.7200
1628257599140000,1,62.63547251,16.7100
1628257608303000,1,64.40177231,16.7300
1628257608303000,1,64.27612991,16.7200
1628257608303000,1,1.09186895,16.7100
1628257610406000,1,64.40177231,16.7300
1628257610406000,1,64.27612991,16.7200
1628257610406000,1,0.02183738,16.7200
1628257633077000,1,64.27612991,16.7200
1628257633077000,1,1.30840085,16.7200
1628257643279000,1,64.27612991,16.7200
1628257643279000,1,0.56804111,16.7100
1628257643279000,1,1.98329844,16.7100
1628257643279000,1,64.33231013,16.7000
1628257643279000,1,75.05001858,16.7000
1628257648184000,1,64.27612991,16.7200
1628257648184000,1,64.29538257,16.7100
1628257648184000,1,60.51742012,16.7000
1628257648452000,1,64.27571711,16.7200
1628257650371000,1,0.00041280,16.7200
1628257650371000,1,64.27612991,16.7200
1628257650371000,1,61.72394406,16.7100
1628257652250000,1,62.99060731,16.7200
1628257655461000,1,1.28552260,16.7200
1628257655461000,1,2.57143851,16.7100
1628257655461000,1,3.85895781,16.7000
1628257655461000,1,370.28568162,16.7000
1628257705059000,1,64.37637793,16.7000
1628257705059000,1,64.42847700,16.6900
1628257705059000,1,64.46144610,16.6800
1628257705059000,1,82.36540888,16.6800
1628257705059000,1,396.28736580,16.6800
1628257761234000,1,64.37637793,16.7000
1628257771022000,1,64.52260652,16.7100
1628257771022000,1,64.37637793,16.7000
1628257771022000,1,420.78202031,16.7000
1628257774947000,0,84.96474859,16.7300
1628257774987000,0,1.73397446,16.7300
1628257786166000,1,64.52260652,16.7100
1628257786166000,1,61.79839824,16.7000
1628257802273000,1,64.52260652,16.7100
1628257802273000,1,1.23596797,16.7000
1628257816502000,1,1.34201172,16.7000
1628257816502000,1,64.42847700,16.6900
1628257816502000,1,64.46144610,16.6800
1628257816502000,1,82.70625295,16.6800
1628257816502000,1,421.06123624,16.6800
1628257819679000,1,64.37637793,16.7000
1628257819679000,1,61.85237990,16.6900
1628257822047000,1,63.08885037,16.7000
1628257826134000,0,84.33783229,16.7200
1628257835241000,0,85.00000000,16.7200
1628257974024000,1,2.57609710,16.6900
1628257974024000,1,64.46144610,16.6800
1628257974024000,1,251.49924914,16.6800
1628257990328000,1,64.46144610,16.6800
1628257990328000,1,64.50388295,16.6700
1628257990328000,1,64.53328024,16.6600
1628257990328000,1,270.53002781,16.6600
1628258058684000,1,64.51673423,16.6700
1628258058684000,1,312.30966532,16.6700
1628258089857000,1,63.22639955,16.6700
1628258097259000,1,1.29033468,16.6700
1628258097259000,1,34.91652000,16.6700
1628258097259000,1,408.91586291,16.6700
1628258128646000,1,63.22639955,16.6700
1628258142806000,1,1.29033468,16.6700
1628258142806000,1,64.56136199,16.6600
1628258142806000,1,86.14214299,16.6600
1628258142806000,1,273.32012321,16.6600
1628258147233000,1,64.64248980,16.6800
1628258147233000,1,64.51673423,16.6700
1628258147233000,1,60.68695027,16.6600
1628258148505000,1,64.64248980,16.6800
1628258148505000,1,2.50407369,16.6600
1628258170441000,1,64.64379725,16.6900
1628258170441000,1,64.64248980,16.6800
1628258170441000,1,64.51673423,16.6700
1628258170441000,1,1.37033803,16.6600
1628258170441000,1,74.87854927,16.6600
1628258174837000,1,64.64248980,16.6800
1628258174837000,1,64.51673423,16.6700
1628258174837000,1,60.68695027,16.6600
1628258179786000,1,63.34964000,16.6800
1628258288812000,0,80.73000000,16.7100
1628258288833000,0,0.00611285,16.7100
1628258355132000,0,80.21858849,16.7000
1628258488914000,1,64.68342427,16.6700
1628258488914000,1,0.12688009,16.6700
1628258488917000,1,10.47311991,16.6700
1628258600648000,0,27.33000000,16.6700
1628258600672000,0,56.19084095,16.6700
1628258600672000,0,34.85943000,16.6700
1628258867700000,0,50.63337709,16.7500
1628258867701000,0,0.00000001,16.7500
1628258892360000,0,50.47725318,16.8100
1628258892360000,0,64.33377730,16.8100
1628258892360000,0,10.39999999,16.8100
1628258892361000,0,0.00000001,16.8100
1628258892799000,0,15.00000000,16.8200
1628258897694000,0,50.29999713,16.8700
1628258897694000,0,125.77000287,16.8700
1628258905907000,1,3.38961810,16.8600
1628258926117000,0,125.69903212,16.8800
1628258926117000,0,50.26530457,16.8800
1628258926530000,0,10.60000000,16.8900
1628258926530000,0,50.21848994,16.8900
1628258926530000,0,5.09887832,16.9000
1628258927067000,0,63.79803715,16.9000
1628258927073000,0,61.74331202,16.9000
1628258927073000,0,326.38127918,16.9000
1628258927073000,0,50.20697213,16.9000
1628258927337000,0,436.00000000,16.9100
1628258928038000,0,86.04000000,16.9600
1628258948703000,1,11.50814589,16.9300
1628258948703000,1,28.76595031,16.9300
1628258948703000,1,74.79917490,16.9300
1628258948730000,1,0.00000001,16.9300
1628258948730000,1,76.97999999,16.9200
1628258948885000,1,11.51861575,16.9200
1628258948885000,1,28.76595031,16.9200
1628258963967000,0,101.81000000,16.9300
1628258966511000,0,40.72000000,16.9400
1628258966541000,0,0.00860722,16.9400
1628259023996000,1,424.00000000,16.9600
1628259049302000,1,63.67000000,16.8900
1628259176549000,0,98.97792875,16.8700
1628259176549000,0,39.57646567,16.8700
1628259436091000,1,82.98231352,16.7400
1628259436091000,1,31.92089971,16.7400
1628259436091000,1,432.00000000,16.7400
1628259436091000,1,12.77095148,16.7400
1628259436732000,1,268.00000000,16.7300
1628259465527000,0,45.47124365,16.7400
1628259465527000,0,113.60499186,16.7400
1628259673210000,1,13.14000000,16.7100
1628259673228000,1,0.00563052,16.7100
1628260234932000,1,85.36178346,16.6600
1628260234932000,1,11.07098404,16.6600
1628260646871000,1,360.00000000,16.7300
1628260983555000,0,50.68742794,16.7300
1628260983555000,0,126.73677040,16.7300
1628261117667000,0,15.00000000,16.7300
1628261738652000,0,15.00000000,16.7200
1628262214395000,0,50.77000000,16.7100
1628262214397000,0,0.00322399,16.7100
1628263130217000,0,19.66000000,16.8100
1628263130344000,0,360.34000000,16.8100
1628263298933000,1,4.32244400,16.8400
1628263413239000,1,12.33210419,16.8400
1628263413239000,1,30.82769879,16.8400
1628263413975000,1,12.33000000,16.8300
1628263414001000,1,0.00210419,16.8300
1628263610691000,0,3.80000000,16.8700
1628263611174000,0,0.00417400,16.8700
1628263686871000,1,4.10672600,16.9000
1628263688493000,1,6.60122700,16.9000
1628264194782000,0,50.19000000,16.9000
1628264194825000,0,0.00065538,16.9000
1628264758378000,1,30.60988869,17.0000
1628264758378000,1,79.57514812,17.0000
1628264758378000,1,12.23496319,17.0000
1628264795657000,1,27.18879073,16.9900
1628264795657000,1,70.68043589,16.9900
1628264795657000,1,10.87129473,16.9900
1628264964068000,1,29.57681340,16.9600
1628264964068000,1,11.82765846,16.9600
1628265016113000,1,11.14881012,16.9500
1628265036986000,1,11.24864792,16.9500
1628265036986000,1,10.50000000,16.9500
1628265036986000,1,28.11796775,16.9500
1628265041227000,1,27.01361224,16.9500
1628265043500000,1,27.01361224,16.9400
1628265043500000,1,10.80926983,16.9400
1628265136376000,0,63.87232728,16.9500
1628265136376000,0,10.30000000,16.9500
1628265136376000,0,50.08357801,16.9500
1628265136376000,0,63.81589970,16.9600
1628265136376000,0,39.01502042,16.9600
1628265163538000,0,50.08076542,16.9500
1628265266161000,1,11.20710860,16.9400
1628265266161000,1,27.48769574,16.9400
1628265266171000,1,0.53007575,16.9400
1628265495587000,1,10.73000000,16.9900
1628265495605000,1,0.00873748,16.9900
1628265527176000,0,368.48000000,17.0300
1628265689662000,1,19.51000000,17.0800
1628265689690000,1,0.00750585,17.0800
1628265704909000,0,338.00000000,17.1000
1628265766432000,0,30.32804928,17.1400
1628265766447000,0,33.02069009,17.1400
1628265766447000,0,10.00000000,17.1400
1628265766447000,0,50.05550497,17.1500
1628265955328000,1,18.50000000,17.2500
1628265955337000,1,0.00550233,17.2500
1628265956056000,1,18.13539228,17.2400
1628266000365000,0,3.32000000,17.2500
1628266000452000,0,0.00495700,17.2500
1628266148683000,0,3.02771362,17.3200
1628266218228000,1,17.75520874,17.3700
1628266220583000,1,115.43000000,17.3700
1628266914004000,0,3.68000000,17.2800
1628266914064000,0,0.00351200,17.2800
1628268258649000,0,62.86903520,17.2200
1628268367841000,0,14.00000000,17.2700
1628268483954000,1,41.74013591,17.1700
1628268484109000,1,366.25986409,17.1700
1628268487659000,1,11.32418855,17.1300
1628268487662000,1,0.00000001,17.1300
1628268555164000,0,346.00000000,17.1300
1628269792421000,1,11.39911679,17.2700
1628270186088000,1,11.01599458,17.2700
1628270186088000,1,27.53839230,17.2700
1628270186088000,1,71.58545441,17.2600
1628270186088000,1,20.16303218,17.2500
1628270936180000,1,62.60000000,17.2600
1628270936237000,1,0.00841453,17.2600
1628270962982000,0,40.90000000,17.2700
1628270974090000,1,25.85031547,17.2700
1628270974090000,1,10.32968453,17.2700
1628271101901000,1,9.88000000,17.2500
1628271305041000,0,48.97386869,17.3200
1628271305041000,0,122.44462431,17.3200
1628272200392000,1,62.11000000,17.3900
1628272201813000,1,0.00021169,17.3900
1628272201813000,1,62.10978831,17.3900
1628272201906000,1,0.00042338,17.3900
1628272203624000,1,62.11000000,17.3900
1628272216563000,1,0.00021169,17.3900
1628272216563000,1,62.13978831,17.3900
1628272216615000,1,0.00288941,17.3900
1628272275802000,1,61.94000000,17.4300
1628272275859000,1,0.00694841,17.4300
1628272279030000,1,62.00000000,17.4200
1628272279056000,1,0.00775552,17.4200
1628272281921000,0,20.01432664,17.4500
1628272598216000,1,366.00000000,17.5000
1628272733345000,1,83.85138728,17.4900
1628272895386000,1,10.27000000,17.4500
1628272895477000,1,0.00815361,17.4500
1628272917524000,1,10.16893503,17.4400
1628272917524000,1,5.22106497,17.4300
1628272917587000,1,20.20010669,17.4300
1628272917587000,1,66.09983848,17.4300
1628273102136000,0,41.72000000,17.4900
1628273102158000,0,0.00692450,17.4900
1628273301499000,1,336.00000000,17.5300
1628274062828000,1,11.77786789,17.4900
1628274569759000,1,11.69000000,17.4200
1628274601258000,1,75.10150262,17.4200
1628274601258000,1,28.88234432,17.4200
1628274601258000,1,11.55466088,17.4200
1628274917633000,1,11.22000000,17.3600
1628274917704000,1,0.00433571,17.3600
1628274949764000,1,9.69999999,17.3600
1628274950117000,1,4.04000000,17.3500
1628274950138000,1,68.23903240,17.3500
1628274950138000,1,27.79561993,17.3500
1628274950138000,1,11.12221859,17.3500
1628275590923000,1,9.86780421,17.3600
1628275590923000,1,24.67206755,17.3600
1628275591079000,1,39.87000000,17.3500
1628275672097000,1,5.53243775,17.3300
1628275672114000,1,3.51581362,17.3300
1628275672114000,1,62.34741067,17.3300
1628275674460000,1,9.04825137,17.2900
1628275674460000,1,22.64649520,17.2900
1628275675555000,1,8.98044935,17.2500
1628275675555000,1,22.44955065,17.2500
1628276208794000,0,275.59000000,17.3700
1628276209109000,0,144.41000000,17.3700
1628277764098000,1,23.49000000,17.4200
1628277764150000,1,62.86436241,17.4200
1628277787639000,1,8.42275730,17.4300
1628277787908000,1,14.76609122,17.4200
1628277876297000,1,14.51000000,17.4200
1628277876392000,1,0.00464372,17.4200
1628278662913000,0,9.70000000,17.4700
1628278662913000,0,0.26680022,17.4700
1628278898891000,0,2.84773898,17.4700
1628279047988000,0,2.84773898,17.4700
1628281523419000,1,9.80000000,17.2600
1628281544714000,1,33.91000000,17.2000
1628281544826000,1,0.97042473,17.2000
1628281544826000,1,13.95800491,17.2000
1628281546396000,1,13.67884481,17.1800
1628281617403000,1,13.27000000,17.1700
1628281617412000,1,0.00604324,17.1700
1628281927591000,1,12.52000000,17.3000
1628281927602000,1,0.00055619,17.3000
1628283764449000,1,10.40000000,17.3100
1628284450114000,1,51.70000000,17.2500
1628284453445000,1,12.13891392,17.2400
1628284453445000,1,51.90000000,17.2400
1628284455132000,1,51.90000000,17.2300
1628284455630000,1,51.60000000,17.2300
1628286668883000,1,11.64000000,17.1900
1628286668901000,1,0.00332795,17.1900
1628286752613000,1,9.90000000,17.1500
1628286752613000,1,63.02581056,17.1400
1628286752613000,1,10.69623157,17.1400
1628286752613000,1,26.74745166,17.1400
1628286752613000,1,63.07209036,17.1300
1628286752613000,1,53.64524126,17.1200
1628286912741000,1,45.00000000,17.1000
1628287012244000,0,10.40000000,17.0900
1628287012244000,0,63.30424546,17.0900
1628287012244000,0,40.83801188,17.0900
1628287012244000,0,102.09775937,17.0900
1628287012244000,0,63.26750063,17.1000
1628287012244000,0,80.85926222,17.1000
1628287012244000,0,402.00000000,17.1000
1628287012244000,0,8.66365590,17.1000
1628287070150000,0,10.00000000,17.0700
1628287070150000,0,63.39218735,17.0700
1628287070150000,0,63.39218735,17.0800
1628287070150000,0,242.00000000,17.0800
1628287070150000,0,63.30424546,17.0900
1628287070150000,0,14.06289041,17.0900
1628287070150000,0,63.26750063,17.1000
1628287070150000,0,58.44159492,17.1100
1628287226644000,0,63.40190382,17.0700
1628287226644000,0,10.00000000,17.0700
1628287226644000,0,63.40190382,17.0800
1628287226644000,0,48.00000000,17.0800
1628287226644000,0,14.00000000,17.0800
1628287226644000,0,338.00000000,17.0800
1628287226644000,0,63.30424546,17.0900
1628287226644000,0,85.10481779,17.0900
1628287226644000,0,37.63858208,17.0900
1628287226713000,1,40.55342078,17.0900
1628287361127000,1,38.30000000,17.1400
1628287361161000,1,46.19587451,17.1400
1628287460207000,1,5.27000000,17.1300
1628287460253000,1,25.16630283,17.1300
1628287460253000,1,12.17168050,17.1300
1628287476948000,0,63.78000000,17.1200
1628287476984000,0,362.22000000,17.1200
1628287491995000,1,88.73991147,17.1200
1628287491995000,1,34.13235326,17.1200
1628287491995000,1,13.64773527,17.1200
1628287492036000,1,0.00679676,17.1200
