timestamp ms,type,amount,price
1625961640922000,0,384.00000000,13.1600
1625961837018000,1,15.74067453,13.1700
1625961837018000,1,36.15932547,13.1700
1625962412700000,1,15.80000000,13.2400
1625963004476000,1,15.65000000,13.1700
1625963004571000,1,0.00165517,13.1700
1625963341896000,1,15.54000000,13.1100
1625963701148000,1,15.39221103,13.0900
1625963701148000,1,38.47778897,13.0900
1625963701166000,1,0.00038786,13.0900
1625963901345000,1,14.76000000,13.1100
1625965201905000,0,7.57000000,13.2100
1625965202032000,0,57.21463605,13.2100
1625965428741000,1,15.81000000,13.2100
1625966539972000,1,15.51000000,13.1600
1625966539981000,1,0.00523411,13.1600
1625966596551000,1,15.33000000,13.1700
1625968715147000,1,15.16000000,13.1700
1625968715221000,1,0.00984500,13.1700
1625969768831000,1,14.08000000,13.1500
1625969769173000,1,0.00333112,13.1500
1625970238383000,1,13.95000000,13.1200
1625970238670000,1,0.00649589,13.1200
1625970669847000,1,24.21000000,13.1100
1625971125300000,1,13.42582418,13.1400
1625971125300000,1,33.55485690,13.1400
1625971125300000,1,87.22931892,13.1400
1625973946980000,1,18.97000000,13.0300
1625974254948000,1,14.98000000,13.0300
1625974255069000,1,3.77639437,13.0300
1625974816727000,1,18.59000000,12.9900
1625975319793000,1,17.88000000,12.9800
1625975319816000,1,0.00310462,12.9800
1625976045206000,1,17.45297673,13.0000
1625976045206000,1,43.61702327,13.0000
1625976045243000,1,0.00535511,13.0000
1625976105331000,1,16.83000000,12.9500
1625976105362000,1,0.00457324,12.9500
1625976374206000,1,16.68000000,12.9100
1625976374261000,1,0.00768578,12.9100
1625976438207000,1,16.51000000,12.9000
1625976438311000,1,0.00537343,12.9000
1625977084407000,1,1.90000000,12.9100
1625977677466000,1,16.30000000,12.9000
1625977677479000,1,0.00545807,12.9000
1625977805453000,1,16.14036203,12.8900
1625978018028000,1,15.93211108,12.9100
1625978018028000,1,39.82788892,12.9100
1625978018065000,1,0.00547297,12.9100
1625981836023000,1,17.23833294,13.0100
1625981836023000,1,8.36166706,13.0100
1625981836067000,1,34.73225973,13.0100
1625982654677000,1,16.25000000,13.0400
1625982654678000,1,0.00875439,13.0400
1625982664143000,1,2.19000000,13.0200
1625983082538000,1,16.08000000,13.0300
1625983082578000,1,0.00717022,13.0300
1625985837270000,1,15.80000000,12.9700
1625986621593000,1,17.34000000,12.9300
1625986621594000,1,0.00571705,12.9300
1625987241972000,1,15.09000000,12.9800
1625987242004000,1,2.00036081,12.9800
1625987404074000,1,16.91344612,12.9600
1625987714972000,1,91.47000000,12.9100
1625987714982000,1,0.00570133,12.9100
1625988044023000,1,16.74000000,12.9500
1625988044103000,1,0.00624739,12.9500
1625988851777000,0,38.32896764,12.9800
1625989246112000,1,16.19983215,13.0000
1625989246112000,1,40.49016785,13.0000
1625989246240000,1,0.00816667,13.0000
1625990280937000,1,15.68000000,13.0000
1625990405780000,1,15.51000000,13.0000
1625990974031000,1,14.52141744,12.9600
1625990974031000,1,36.28858256,12.9600
1625990974091000,1,0.00992012,12.9600
1625991360654000,0,13.70000000,12.9900
1625991385969000,0,13.80000000,13.0000
1625991505622000,1,13.90000000,13.0000
1625991600528000,1,13.74018331,13.0100
1625991600528000,1,34.33981669,13.0100
1625991973330000,0,13.20000000,13.0500
1625992098405000,0,13.30000000,13.1000
1625992105319000,0,65.25621994,13.1100
1625992140073000,1,14.37000000,13.1100
1625992145190000,1,14.22000000,13.1000
1625992295585000,1,14.06000000,13.0900
1625992348823000,1,7.44000000,13.0900
1625992348932000,1,6.47736532,13.0900
1625993062870000,0,13.50000000,13.1000
1625994401684000,1,12.80000000,13.0400
1625994872268000,1,11.89000000,13.0500
1625996046996000,1,10.69000000,13.0800
1626000264387000,1,15.69000000,13.1000
1626000264480000,1,0.00557088,13.1000
1626001709377000,1,15.35000000,13.1000
1626001709396000,1,0.00550978,13.1000
1626005051983000,1,15.78000000,13.1700
1626005052046000,1,0.00496993,13.1700
1626005235024000,1,15.63000000,13.1400
1626005235068000,1,0.00918444,13.1400
1626005255911000,1,15.46000000,13.1400
1626005255917000,1,0.00372989,13.1400
1626007683271000,1,16.08000000,13.0800
1626009087207000,1,15.94490109,13.0500
1626009087207000,1,39.86509891,13.0500
1626009087240000,1,0.00081762,13.0500
1626009277080000,0,13.70000000,13.0800
1626009863117000,0,13.50000000,13.1000
1626009950145000,0,13.10000000,13.1100
1626010270356000,1,15.53000000,13.1300
1626010270450000,1,0.00450866,13.1300
1626010517562000,0,13.10000000,13.1200
1626012023627000,1,15.41183567,13.2300
1626012023627000,1,15.41816433,13.2300
1626012098423000,1,15.02622769,13.2700
1626012098423000,1,71.28403863,13.2600
1626012354333000,1,14.88000000,13.2500
1626012872496000,0,64.82558580,13.1900
1626012929470000,1,88.03000000,13.1700
1626012996153000,1,15.52000000,13.1800
1626013537335000,1,15.90000000,13.1700
1626014687829000,1,9.76000000,13.2700
1626014687874000,1,5.84054319,13.2700
1626015193578000,0,13.50000000,13.2700
1626016072829000,0,13.20000000,13.2900
1626016072829000,0,5.42900000,13.2900
1626016094765000,0,13.40000000,13.2900
1626018397936000,0,64.47777650,13.2700
1626018689878000,0,64.35347379,13.2900
1626018906725000,1,13.13047563,13.2600
1626019126533000,0,13.20000000,13.2900
1626019134269000,0,64.32267189,13.2900
1626019148369000,0,64.36626537,13.2800
1626019221617000,1,13.89479372,13.2800
1626019268955000,0,64.50083630,13.2600
1626019268955000,0,161.21124546,13.2600
1626019271266000,0,64.45123224,13.2700
1626019271266000,0,161.12373107,13.2700
1626019295728000,1,18.63989420,13.2500
1626019435721000,1,18.03875575,13.2300
1626019437734000,1,3.94000000,13.2300
1626019799379000,1,0.00289300,13.2300
1626021291000000,1,17.15000000,13.3000
1626021445040000,1,16.95000000,13.3100
1626021445135000,1,0.00383231,13.3100
1626021524308000,1,16.63847716,13.2500
1626021528455000,1,41.62309774,13.2400
1626021528455000,1,16.65555927,13.2400
1626021574666000,1,15.02900994,13.2200
1626021586882000,1,14.86000000,13.2200
1626021636797000,1,14.69069585,13.2300
1626021636797000,1,36.71930415,13.2300
1626022035196000,0,64.79422152,13.1900
1626022476634000,0,64.66912170,13.2200
1626023203463000,1,15.30000000,13.2000
1626023839157000,0,64.82219467,13.1900
1626024975765000,1,12.91778715,13.1500
1626024975765000,1,20.41221285,13.1500
1626024975818000,1,11.89010958,13.1500
1626028914694000,0,64.97723962,13.1600
1626030004259000,0,85.94171524,13.1800
1626030332134000,1,38.08000000,13.1600
1626032010647000,1,13.05000000,13.1400
1626032010648000,1,0.00924031,13.1400
1626032681733000,1,12.95000000,13.1000
1626032681784000,1,0.00073974,13.1000
1626033301810000,0,13.10000000,13.0800
1626033461951000,1,3.04000000,13.1100
1626033461976000,1,9.75703374,13.1100
1626033559922000,0,13.70000000,13.1000
1626033600037000,0,13.30000000,13.1100
1626033607725000,0,65.29494238,13.1000
1626033608330000,0,163.24541543,13.1000
1626033608926000,0,13.00000000,13.1000
1626033615971000,0,13.10000000,13.1000
1626033615971000,0,65.30790702,13.1000
1626033615971000,0,163.23793671,13.1000
1626033627765000,1,82.46000000,13.0900
1626033669467000,1,0.00009624,13.0900
1626033669467000,1,89.98990376,13.0800
1626033765180000,0,13.20000000,13.1100
1626033798285000,1,82.29000000,13.1100
1626033802196000,1,0.00469379,13.1100
1626033802196000,1,82.28530621,13.1100
1626033802244000,1,0.00938758,13.1100
1626033817144000,1,82.29000000,13.1100
1626033819225000,1,0.00469379,13.1100
1626033819225000,1,82.28530621,13.1100
1626033823440000,1,0.00938758,13.1100
1626033823440000,1,82.29061242,13.1100
1626033940995000,1,82.40000000,13.0900
1626034043294000,1,0.00481626,13.0900
1626034043294000,1,82.41518374,13.0900
1626034071885000,1,0.00477947,13.0900
1626034071885000,1,22.90522053,13.0900
1626035172047000,1,17.45172757,13.1000
1626037517597000,1,43.40356846,13.0100
1626037517597000,1,17.35643154,13.0100
1626037653549000,0,89.01000000,13.0500
1626037726995000,1,16.61303008,13.0700
1626037726995000,1,39.46696992,13.0700
1626037726996000,1,2.05736068,13.0700
1626038689840000,1,16.33000000,13.1600
1626038689895000,1,23.29476925,13.1600
1626038689895000,1,15.84004031,13.1600
1626039174016000,1,11.00000000,13.1800
1626039174016000,1,15.17000000,13.1800
1626039174079000,1,0.00225587,13.1800
1626039367355000,0,12.90000000,13.2900
1626039472553000,0,64.37000000,13.2900
1626040119620000,0,64.16378533,13.3300
1626040594307000,0,64.15000000,13.3300
1626040594533000,0,0.00073241,13.3300
1626040596184000,0,4.24096631,13.3400
1626040596641000,0,8.85903369,13.3400
1626040886004000,1,22.32000000,13.3200
1626041025182000,0,64.10000000,13.3400
1626041025192000,0,0.00797104,13.3400
1626041100160000,1,14.63685284,13.3400
1626041100160000,1,36.61187131,13.3400
1626041112761000,0,9.14000000,13.3400
1626041112820000,0,54.95255298,13.3400
1626041112997000,0,19.60000000,13.3400
1626041581401000,1,27.59000000,13.3500
1626043191384000,1,18.20689000,13.2300
1626043191384000,1,45.50311000,13.2300
1626044877585000,1,109.94538658,13.2100
1626044877585000,1,24.27461342,13.2100
1626044877593000,1,18.01531734,13.2100
1626044877593000,1,16.92132823,13.2100
1626045308904000,1,14.80000000,13.1600
1626045407503000,0,57.10000000,13.1600
1626045407558000,0,365.00443447,13.1600
1626045407558000,0,162.41993766,13.1600
1626045407558000,0,64.95293274,13.1600
1626045624558000,1,18.25000000,13.1800
1626045624576000,1,0.00996988,13.1800
