timestamp ms,type,amount,price
1625961640922000,0,384.00000000,13.1600
1625961837018000,1,15.74067453,13.1700
1625961837018000,1,36.15932547,13.1700
1625962412700000,1,15.80000000,13.2400
1625963004476000,1,15.65000000,13.1700
1625963004571000,1,0.00165517,13.1700
1625963341896000,1,15.54000000,13.1100
1625963701148000,1,15.39221103,13.0900
1625963701148000,1,38.47778897,13.0900
1625963701166000,1,0.00038786,13.0900
1625963901345000,1,14.76000000,13.1100
1625965201905000,0,7.57000000,13.2100
1625965202032000,0,57.21463605,13.2100
1625965428741000,1,15.81000000,13.2100
1625966539972000,1,15.51000000,13.1600
1625966539981000,1,0.00523411,13.1600
1625966596551000,1,15.33000000,13.1700
1625968715147000,1,15.16000000,13.1700
1625968715221000,1,0.00984500,13.1700
1625969768831000,1,14.08000000,13.1500
1625969769173000,1,0.00333112,13.1500
1625970238383000,1,13.95000000,13.1200
1625970238670000,1,0.00649589,13.1200
1625970669847000,1,24.21000000,13.1100
1625971125300000,1,13.42582418,13.1400
1625971125300000,1,33.55485690,13.1400
1625971125300000,1,87.22931892,13.1400
1625973946980000,1,18.97000000,13.0300
1625974254948000,1,14.98000000,13.0300
1625974255069000,1,3.77639437,13.0300
1625974816727000,1,18.59000000,12.9900
1625975319793000,1,17.88000000,12.9800
1625975319816000,1,0.00310462,12.9800
1625976045206000,1,17.45297673,13.0000
1625976045206000,1,43.61702327,13.0000
1625976045243000,1,0.00535511,13.0000
1625976105331000,1,16.83000000,12.9500
1625976105362000,1,0.00457324,12.9500
1625976374206000,1,16.68000000,12.9100
1625976374261000,1,0.00768578,12.9100
1625976438207000,1,16.51000000,12.9000
1625976438311000,1,0.00537343,12.9000
1625977084407000,1,1.90000000,12.9100
1625977677466000,1,16.30000000,12.9000
1625977677479000,1,0.00545807,12.9000
1625977805453000,1,16.14036203,12.8900
1625978018028000,1,15.93211108,12.9100
1625978018028000,1,39.82788892,12.9100
1625978018065000,1,0.00547297,12.9100
1625981836023000,1,17.23833294,13.0100
1625981836023000,1,8.36166706,13.0100
1625981836067000,1,34.73225973,13.0100
1625982654677000,1,16.25000000,13.0400
1625982654678000,1,0.00875439,13.0400
1625982664143000,1,2.19000000,13.0200
1625983082538000,1,16.08000000,13.0300
1625983082578000,1,0.00717022,13.0300
1625985837270000,1,15.80000000,12.9700
1625986621593000,1,17.34000000,12.9300
1625986621594000,1,0.00571705,12.9300
1625987241972000,1,15.09000000,12.9800
1625987242004000,1,2.00036081,12.9800
1625987404074000,1,16.91344612,12.9600
1625987714972000,1,91.47000000,12.9100
1625987714982000,1,0.00570133,12.9100
1625988044023000,1,16.74000000,12.9500
1625988044103000,1,0.00624739,12.9500
1625988851777000,0,38.32896764,12.9800
1625989246112000,1,16.19983215,13.0000
1625989246112000,1,40.49016785,13.0000
1625989246240000,1,0.00816667,13.0000
1625990280937000,1,15.68000000,13.0000
1625990405780000,1,15.51000000,13.0000
1625990974031000,1,14.52141744,12.9600
1625990974031000,1,36.28858256,12.9600
1625990974091000,1,0.00992012,12.9600
1625991360654000,0,13.70000000,12.9900
1625991385969000,0,13.80000000,13.0000
1625991505622000,1,13.90000000,13.0000
1625991600528000,1,13.74018331,13.0100
1625991600528000,1,34.33981669,13.0100
1625991973330000,0,13.20000000,13.0500
1625992098405000,0,13.30000000,13.1000
1625992105319000,0,65.25621994,13.1100
1625992140073000,1,14.37000000,13.1100
1625992145190000,1,14.22000000,13.1000
1625992295585000,1,14.06000000,13.0900
1625992348823000,1,7.44000000,13.0900
1625992348932000,1,6.47736532,13.0900
1625993062870000,0,13.50000000,13.1000
1625994401684000,1,12.80000000,13.0400
1625994872268000,1,11.89000000,13.0500
1625996046996000,1,10.69000000,13.0800
1626000264387000,1,15.69000000,13.1000
1626000264480000,1,0.00557088,13.1000
1626001709377000,1,15.35000000,13.1000
1626001709396000,1,0.00550978,13.1000
1626005051983000,1,15.78000000,13.1700
1626005052046000,1,0.00496993,13.1700
1626005235024000,1,15.63000000,13.1400
1626005235068000,1,0.00918444,13.1400
1626005255911000,1,15.46000000,13.1400
1626005255917000,1,0.00372989,13.1400
1626007683271000,1,16.08000000,13.0800
1626009087207000,1,15.94490109,13.0500
1626009087207000,1,39.86509891,13.0500
1626009087240000,1,0.00081762,13.0500
1626009277080000,0,13.70000000,13.0800
1626009863117000,0,13.50000000,13.1000
1626009950145000,0,13.10000000,13.1100
1626010270356000,1,15.53000000,13.1300
1626010270450000,1,0.00450866,13.1300
1626010517562000,0,13.10000000,13.1200
1626012023627000,1,15.41183567,13.2300
1626012023627000,1,15.41816433,13.2300
1626012098423000,1,15.02622769,13.2700
1626012098423000,1,71.28403863,13.2600
1626012354333000,1,14.88000000,13.2500
1626012872496000,0,64.82558580,13.1900
1626012929470000,1,88.03000000,13.1700
1626012996153000,1,15.52000000,13.1800
1626013537335000,1,15.90000000,13.1700
1626014687829000,1,9.76000000,13.2700
1626014687874000,1,5.84054319,13.2700
1626015193578000,0,13.50000000,13.2700
1626016072829000,0,13.20000000,13.2900
1626016072829000,0,5.42900000,13.2900
1626016094765000,0,13.40000000,13.2900
1626018397936000,0,64.47777650,13.2700
1626018689878000,0,64.35347379,13.2900
1626018906725000,1,13.13047563,13.2600
1626019126533000,0,13.20000000,13.2900
1626019134269000,0,64.32267189,13.2900
1626019148369000,0,64.36626537,13.2800
1626019221617000,1,13.89479372,13.2800
1626019268955000,0,64.50083630,13.2600
1626019268955000,0,161.21124546,13.2600
1626019271266000,0,64.45123224,13.2700
1626019271266000,0,161.12373107,13.2700
1626019295728000,1,18.63989420,13.2500
1626019435721000,1,18.03875575,13.2300
1626019437734000,1,3.94000000,13.2300
1626019799379000,1,0.00289300,13.2300
1626021291000000,1,17.15000000,13.3000
1626021445040000,1,16.95000000,13.3100
1626021445135000,1,0.00383231,13.3100
1626021524308000,1,16.63847716,13.2500
1626021528455000,1,41.62309774,13.2400
1626021528455000,1,16.65555927,13.2400
1626021574666000,1,15.02900994,13.2200
1626021586882000,1,14.86000000,13.2200
1626021636797000,1,14.69069585,13.2300
1626021636797000,1,36.71930415,13.2300
1626022035196000,0,64.79422152,13.1900
1626022476634000,0,64.66912170,13.2200
1626023203463000,1,15.30000000,13.2000
1626023839157000,0,64.82219467,13.1900
1626024975765000,1,12.91778715,13.1500
1626024975765000,1,20.41221285,13.1500
1626024975818000,1,11.89010958,13.1500
1626028914694000,0,64.97723962,13.1600
1626030004259000,0,85.94171524,13.1800
1626030332134000,1,38.08000000,13.1600
1626032010647000,1,13.05000000,13.1400
1626032010648000,1,0.00924031,13.1400
1626032681733000,1,12.95000000,13.1000
1626032681784000,1,0.00073974,13.1000
1626033301810000,0,13.10000000,13.0800
1626033461951000,1,3.04000000,13.1100
1626033461976000,1,9.75703374,13.1100
1626033559922000,0,13.70000000,13.1000
1626033600037000,0,13.30000000,13.1100
1626033607725000,0,65.29494238,13.1000
1626033608330000,0,163.24541543,13.1000
1626033608926000,0,13.00000000,13.1000
1626033615971000,0,13.10000000,13.1000
1626033615971000,0,65.30790702,13.1000
1626033615971000,0,163.23793671,13.1000
1626033627765000,1,82.46000000,13.0900
1626033669467000,1,0.00009624,13.0900
1626033669467000,1,89.98990376,13.0800
1626033765180000,0,13.20000000,13.1100
1626033798285000,1,82.29000000,13.1100
1626033802196000,1,0.00469379,13.1100
1626033802196000,1,82.28530621,13.1100
1626033802244000,1,0.00938758,13.1100
1626033817144000,1,82.29000000,13.1100
1626033819225000,1,0.00469379,13.1100
1626033819225000,1,82.28530621,13.1100
1626033823440000,1,0.00938758,13.1100
1626033823440000,1,82.29061242,13.1100
1626033940995000,1,82.40000000,13.0900
1626034043294000,1,0.00481626,13.0900
1626034043294000,1,82.41518374,13.0900
1626034071885000,1,0.00477947,13.0900
1626034071885000,1,22.90522053,13.0900
1626035172047000,1,17.45172757,13.1000
1626037517597000,1,43.40356846,13.0100
1626037517597000,1,17.35643154,13.0100
1626037653549000,0,89.01000000,13.0500
1626037726995000,1,16.61303008,13.0700
1626037726995000,1,39.46696992,13.0700
1626037726996000,1,2.05736068,13.0700
1626038689840000,1,16.33000000,13.1600
1626038689895000,1,23.29476925,13.1600
1626038689895000,1,15.84004031,13.1600
1626039174016000,1,11.00000000,13.1800
1626039174016000,1,15.17000000,13.1800
1626039174079000,1,0.00225587,13.1800
1626039367355000,0,12.90000000,13.2900
1626039472553000,0,64.37000000,13.2900
1626040119620000,0,64.16378533,13.3300
1626040594307000,0,64.15000000,13.3300
1626040594533000,0,0.00073241,13.3300
1626040596184000,0,4.24096631,13.3400
1626040596641000,0,8.85903369,13.3400
1626040886004000,1,22.32000000,13.3200
1626041025182000,0,64.10000000,13.3400
1626041025192000,0,0.00797104,13.3400
1626041100160000,1,14.63685284,13.3400
1626041100160000,1,36.61187131,13.3400
1626041112761000,0,9.14000000,13.3400
1626041112820000,0,54.95255298,13.3400
1626041112997000,0,19.60000000,13.3400
1626041581401000,1,27.59000000,13.3500
1626043191384000,1,18.20689000,13.2300
1626043191384000,1,45.50311000,13.2300
1626044877585000,1,109.94538658,13.2100
1626044877585000,1,24.27461342,13.2100
1626044877593000,1,18.01531734,13.2100
1626044877593000,1,16.92132823,13.2100
1626045308904000,1,14.80000000,13.1600
1626045407503000,0,57.10000000,13.1600
1626045407558000,0,365.00443447,13.1600
1626045407558000,0,162.41993766,13.1600
1626045407558000,0,64.95293274,13.1600
1626045624558000,1,18.25000000,13.1800
1626045624576000,1,0.00996988,13.1800
1626046104266000,1,18.09000000,13.1500
1626048241741000,1,17.80000000,13.2000
1626048775200000,1,17.72000000,13.1100
1626049322147000,1,17.52137496,13.1100
1626049322147000,1,43.79862504,13.1100
1626049560875000,1,16.80000000,13.1300
1626049560887000,1,0.00124256,13.1300
1626050294547000,1,15.52000000,13.2000
1626050294650000,1,0.00308089,13.2000
1626050426761000,0,64.73000000,13.2000
1626050426799000,0,0.00439001,13.2000
1626051589245000,1,16.12000000,13.1500
1626051589249000,1,0.00655580,13.1500
1626053542074000,1,15.89000000,13.2000
1626053542102000,1,0.00619631,13.2000
1626054506697000,1,15.69427930,13.2200
1626055596671000,1,15.56000000,13.1800
1626055596700000,1,0.00029566,13.1800
1626056909809000,1,15.27000000,13.2800
1626056909821000,1,0.00359080,13.2800
1626057049957000,0,7.51204819,13.2800
1626057123450000,0,64.36371465,13.2800
1626058438384000,1,39.51710143,13.2900
1626058438384000,1,15.79289857,13.2900
1626058438411000,1,0.00871299,13.2900
1626058584739000,1,15.02000000,13.2800
1626059738859000,0,160.07843930,13.3600
1626059738859000,0,64.01392062,13.3600
1626059849898000,1,15.62000000,13.3500
1626059849925000,1,0.00130073,13.3500
1626060529987000,1,15.36000000,13.3700
1626060594948000,1,14.88908505,13.3700
1626060776822000,1,15.05000000,13.3400
1626060776863000,1,0.00897411,13.3400
1626061115750000,1,14.37959187,13.3500
1626061703800000,1,14.07362305,13.3800
1626061703800000,1,35.16637695,13.3800
1626061703803000,1,0.00874297,13.3800
1626064263402000,1,15.03392033,13.3100
1626064263402000,1,37.56607967,13.3100
1626064263431000,1,0.00968758,13.3100
1626064832781000,1,14.45000000,13.3000
1626064832833000,1,0.00283202,13.3000
1626065009338000,1,13.24000000,13.2900
1626065009384000,1,0.00289777,13.2900
1626065150921000,1,13.10455412,13.2800
1626065150936000,1,0.00000001,13.2800
1626065230826000,1,12.96000000,13.2700
1626066334642000,1,12.55000000,13.2400
1626066648672000,0,14.00000000,13.2400
1626067945142000,0,13.40000000,13.2600
1626069505549000,0,16.32846427,13.2900
1626071791081000,1,17.27000000,13.3000
1626071791129000,1,0.00434058,13.3000
1626071892226000,1,16.69241463,13.3100
1626071892236000,1,0.34066152,13.3100
1626072342801000,1,29.00000000,13.3500
1626072348553000,1,7.63000000,13.3500
1626072352884000,1,2.30320837,13.3500
1626072352884000,1,5.64679163,13.3500
1626072353006000,1,95.58101817,13.3500
1626072684806000,1,14.02000000,13.3800
1626072684909000,1,0.00544412,13.3800
1626074760986000,1,14.65000000,13.3300
1626075505816000,1,14.48004733,13.3400
1626075505816000,1,36.18995267,13.3400
1626075505906000,1,0.00257028,13.3400
1626076000290000,1,12.52197190,13.2800
1626076000290000,1,18.40802810,13.2800
1626076000400000,1,12.89124541,13.2800
1626076001147000,1,12.52857552,13.2700
1626076001147000,1,12.79999999,13.2700
1626076001186000,1,5.34671323,13.2700
1626076001361000,1,13.15000000,13.2700
1626076001363000,1,0.00256029,13.2700
1626076263029000,0,63.20904356,13.2700
1626076935108000,1,12.31602720,13.2500
1626077419806000,0,41.30000000,13.2800
1626079021467000,0,64.41000000,13.2900
1626079021477000,0,0.00643615,13.2900
1626079384515000,0,63.28000000,13.2900
1626079384583000,0,1.16236066,13.2900
1626079625524000,1,15.09087793,13.3000
1626079625532000,1,0.30797710,13.3000
1626083591381000,1,16.33000000,13.1900
1626083591444000,1,0.00918951,13.1900
1626083740859000,1,16.18000000,13.1700
1626083925028000,1,88.98000000,13.1500
1626083925122000,1,0.00101851,13.1500
1626083935545000,1,86.19000000,13.1300
1626084122443000,0,444.00000000,13.0300
1626084639919000,0,59.17000000,13.0500
1626084858290000,0,83.49048825,13.0400
1626084932013000,1,15.99000000,13.0200
1626084932014000,1,0.00650060,13.0200
1626085751877000,1,15.42676750,13.0600
1626085751877000,1,35.62323250,13.0600
1626085751940000,1,2.93601031,13.0600
1626086647929000,1,13.68000000,13.0400
1626087115425000,1,13.53000000,12.9800
1626087115500000,1,0.00906635,12.9800
1626087122450000,1,13.40913288,12.9600
1626087128650000,1,33.15000000,12.9600
1626087275790000,1,12.83000000,13.0200
1626087275794000,1,0.00453369,13.0200
1626088090244000,1,13.44267318,13.0000
1626090513432000,1,11.35000000,13.0600
1626090536861000,1,11.23000000,13.0500
1626091248901000,0,65.67000000,13.0100
1626091248928000,0,0.00857258,13.0100
1626091499955000,0,65.66000000,13.0300
1626091499995000,0,0.00858161,13.0300
1626091755902000,0,65.54008155,13.0500
1626092578169000,0,65.61000000,13.0400
1626092578201000,0,0.00386320,13.0400
1626093681611000,0,65.60000000,13.0500
1626093726848000,1,14.18000000,13.0400
1626093726925000,1,0.00940649,13.0400
1626094925088000,1,4.29000000,13.0100
1626094925102000,1,10.64916030,13.0100
1626095220790000,1,14.70000000,13.0700
1626095220792000,1,0.00922869,13.0700
1626096060164000,0,11.45510360,13.0300
1626096161619000,1,15.05770219,13.0000
1626096161648000,1,0.30730004,13.0000
1626097331465000,1,14.69000000,12.9800
1626097331538000,1,0.00171189,12.9800
1626097331538000,1,14.39616576,12.9800
1626097331566000,1,14.69000000,12.9800
1626097576438000,1,14.63000000,13.0000
1626097576460000,1,0.00812687,13.0000
1626097790867000,1,14.45000000,13.0200
1626097790869000,1,0.00164393,13.0200
1626098875410000,0,3.35300000,13.0100
1626102212353000,1,10.35000000,12.9100
1626102238035000,0,1.71300000,12.9200
1626102412337000,1,11.83172223,12.9500
1626102412337000,1,29.56827777,12.9500
1626102412404000,1,0.00874419,12.9500
1626102522197000,1,11.35000000,12.9600
1626102522215000,1,0.00812867,12.9600
1626102739148000,0,13.80000000,12.9600
1626103401524000,1,86.30000000,12.9900
1626103454139000,0,8.32506734,13.0000
1626103454139000,0,7.07954804,13.0000
1626105462394000,1,16.35365343,12.8900
1626105609321000,1,16.23000000,12.8400
1626106124848000,0,86.02000000,12.9000
1626106124996000,0,0.00643180,12.9000
1626106230880000,0,66.36757492,12.8700
1626106230880000,0,165.86242508,12.8700
1626106230888000,0,0.00115654,12.8700
1626106292598000,0,5.14500000,12.8400
1626106303078000,0,9.65200000,12.8500
1626106324124000,1,16.95940531,12.7900
1626106329950000,1,30.33000000,12.7800
1626106330004000,1,60.92612507,12.7800
1626106340507000,1,16.79000000,12.7800
1626106399172000,0,5.22600000,12.7900
1626106404057000,0,9.09500000,12.7900
1626106409752000,0,6.09100000,12.7900
1626106416961000,1,16.43000000,12.7700
1626106416989000,1,0.00604544,12.7700
1626106422493000,1,16.43604544,12.7600
1626106428505000,1,16.07000000,12.7600
1626106428556000,1,0.00008291,12.7600
1626106498720000,1,15.96514409,12.6900
1626106498724000,1,0.00000001,12.6900
1626106498790000,1,103.71634233,12.6800
1626106498790000,1,39.89465011,12.6800
1626106513311000,0,21.33000000,12.6300
1626106513372000,0,46.29243352,12.6300
1626106518864000,0,67.41000000,12.6700
1626106521997000,0,67.37000000,12.6700
1626106522029000,0,0.00583502,12.6700
1626106638521000,0,3.76000000,12.7000
1626106703084000,0,89.30000000,12.7100
1626106856450000,0,67.11000000,12.7200
1626106978977000,1,15.35000000,12.7000
1626106979000000,1,0.00229053,12.7000
1626107000561000,0,6.13400000,12.7200
1626107005615000,0,5.18400000,12.7300
1626107011891000,0,6.13400000,12.7200
1626107261506000,1,15.40000000,12.7000
1626107533301000,1,17.89000000,12.6900
1626107533361000,1,0.00658219,12.6900
1626107801634000,1,17.68000000,12.7000
1626107801649000,1,0.00325105,12.7000
1626107963918000,1,12.05000000,12.6900
1626108186841000,1,17.08000000,12.6800
1626108186869000,1,0.00686273,12.6800
1626108203487000,1,26.24000000,12.6700
1626108203495000,1,61.17360105,12.6700
1626108229172000,1,15.91000000,12.6400
1626108235965000,0,67.56000000,12.6400
1626108248640000,0,2.00000000,12.6500
1626108277449000,1,36.81681348,12.5700
1626108277449000,1,14.72318652,12.5700
1626108294483000,0,67.86000000,12.5900
1626108304669000,1,13.22000000,12.6000
1626108304692000,1,0.00973898,12.6000
1626108309122000,1,13.08153001,12.6000
1626108309152000,1,0.00000001,12.6000
1626108312972000,0,7.90700000,12.6100
1626108313770000,0,4.44000000,12.6100
1626108318790000,0,6.15400000,12.6100
1626108321283000,0,3.64400000,12.6200
1626108328809000,0,9.80400000,12.6100
1626108343552000,0,67.85000000,12.5800
1626108343561000,0,0.00678782,12.5800
1626108373918000,1,35.14642172,12.5600
1626108384220000,0,4.54600000,12.5900
1626108393600000,0,9.84200000,12.5800
1626108428068000,0,87.69000000,12.5900
1626108608542000,1,14.48000000,12.6000
1626108633257000,1,14.31930007,12.6000
1626108670117000,1,14.18397019,12.5800
1626108979868000,0,169.26365047,12.6200
1626108979868000,0,67.69671089,12.6200
1626108979868000,0,380.44963864,12.6200
1626109026862000,1,93.13000000,12.6000
1626109026863000,1,0.00083571,12.6000
1626109791463000,1,9.47660000,12.6100
1626110060046000,1,733.93000000,12.6000
1626110060106000,1,266.07000000,12.6000
1626110764622000,1,15.50000000,12.5800
1626110769418000,1,13.90000000,12.5700
1626111058035000,1,19.10000000,12.5700
1626111058040000,1,0.71706762,12.5700
1626111136524000,1,19.62000000,12.5600
1626111354558000,1,19.48000000,12.5000
1626111354595000,1,0.00662513,12.5000
1626111447141000,1,17.83133390,12.5100
1626111495776000,0,6.21000000,12.5200
1626111943912000,1,17.18244658,12.5700
1626112254683000,1,17.06000000,12.5200
1626112267252000,1,3.45000000,12.5000
1626112267284000,1,13.45465168,12.5000
1626113170363000,1,10.05000000,12.5600
1626113176969000,1,12.25000000,12.5500
1626113397888000,1,15.85000000,12.5500
1626113397908000,1,0.00512486,12.5500
1626113887380000,1,15.71000000,12.5200
1626113887396000,1,0.00859675,12.5200
1626114038169000,1,15.58000000,12.4800
1626114469237000,1,15.33000000,12.5500
1626114469292000,1,0.00025612,12.5500
1626115911338000,1,16.28000000,12.5100
1626116005346000,1,16.08000000,12.5200
1626116005375000,1,0.00458401,12.5200
1626116220588000,0,94.91000000,12.4700
1626116222265000,1,16.02269502,12.4700
1626116341820000,1,93.43000000,12.4800
1626116341856000,1,0.00714787,12.4800
1626116576289000,0,28.18000000,12.5900
1626116692424000,1,19.66000000,12.6400
1626116757273000,1,19.50000000,12.6100
1626117103267000,1,19.23000000,12.6300
1626117140870000,1,0.00737009,12.6300
1626117685836000,1,86.70093319,12.5100
1626117791411000,1,17.84000000,12.5000
1626117853006000,1,17.65000000,12.5000
1626117853077000,1,0.00851525,12.5000
1626117853077000,1,17.64148475,12.5000
1626118080774000,1,17.27000000,12.4800
1626118080812000,1,0.00821538,12.4800
1626118395576000,1,17.15261432,12.4300
1626118395576000,1,86.55820345,12.4200
1626118395576000,1,111.53323790,12.4200
1626118395576000,1,42.89816537,12.4200
1626118395626000,1,86.63033307,12.4100
1626118395626000,1,86.68262330,12.4000
1626118395626000,1,49.00000000,12.4000
1626118395626000,1,11.00000000,12.4000
1626118454559000,0,68.88000000,12.4000
1626118456138000,0,6.80600000,12.4200
1626118539551000,0,94.00000000,12.4000
1626119210853000,1,16.67000000,12.4400
1626119210859000,1,0.00415365,12.4400
1626119263398000,1,16.51000000,12.4100
1626119263444000,1,0.00736335,12.4100
1626120119558000,1,16.46000000,12.4400
1626120119588000,1,0.00545117,12.4400
1626120144662000,0,25.52305131,12.4100
1626120149971000,1,4.57386930,12.4100
1626120150194000,1,11.73646532,12.4100
1626120236696000,0,6.30000000,12.3800
1626120292090000,0,20.01600000,12.3700
1626120322052000,0,1.98400000,12.3700
1626120387898000,1,16.60038532,12.3600
1626120387898000,1,14.88323066,12.3600
1626120387905000,1,26.60699726,12.3600
1626120408593000,0,69.17000000,12.3500
1626120408613000,0,0.00453937,12.3500
1626120697671000,1,16.62000000,12.4300
1626120697752000,1,0.00971231,12.4300
1626121144618000,1,16.30000000,12.5300
1626123106378000,1,16.95000000,12.4800
1626123106421000,1,0.00150677,12.4800
1626127476280000,1,14.61947031,12.5600
1626127511618000,1,15.51000000,12.5700
1626127511667000,1,0.00608512,12.5700
1626127661770000,1,16.07000000,12.5700
1626128009166000,0,5.56000000,12.6200
1626128009526000,0,0.00904400,12.6200
1626128048215000,0,168.82137144,12.6600
1626128048215000,0,67.51862856,12.6600
1626128059353000,1,18.58000000,12.6500
1626128086685000,1,78.29000000,12.6300
1626128086706000,1,15.44730056,12.6300
1626130320270000,1,16.67439227,12.6800
1626130320270000,1,41.67560773,12.6800
1626131014687000,1,16.04000000,12.6600
1626131651745000,0,21.79000000,12.6300
1626131651865000,0,65.70764385,12.6300
1626132049711000,1,15.11000000,12.6700
1626132049729000,1,0.00659530,12.6700
1626133149803000,1,15.00000000,12.6300
1626133904662000,0,15.71000000,12.6500
1626133946371000,1,10.75000000,12.6600
1626134144401000,1,14.70000000,12.6400
1626134235852000,1,14.37000000,12.6400
1626134368690000,1,14.21000000,12.6400
