timestamp ms,type,amount,price
1626307293929000,0,73.50000000,12.2300
1626307296924000,0,73.00000000,12.2500
1626307348595000,1,16.94000000,12.2100
1626307348595000,1,0.00645723,12.2100
1626307360389000,1,16.75000000,12.2100
1626307360401000,1,0.00413528,12.2100
1626307557137000,1,16.62000000,12.1700
1626307654050000,1,41.11652072,12.1500
1626307654050000,1,16.44347928,12.1500
1626307654113000,1,0.00664573,12.1500
1626307663410000,1,434.00000000,12.1300
1626307710776000,1,39.66245469,12.1000
1626307710776000,1,15.85450977,12.1000
1626307738144000,1,15.26000000,12.0900
1626307738163000,1,0.00787575,12.0900
1626307796036000,1,15.08610643,12.0900
1626307824714000,1,14.91000000,12.1000
1626307824738000,1,0.00375738,12.1000
1626307891933000,1,14.70000000,12.1300
1626307891996000,1,0.00947748,12.1300
1626308006970000,1,14.56000000,12.1100
1626308006972000,1,0.00750991,12.1100
1626308073646000,1,14.41000000,12.1000
1626308089107000,1,4.28000000,12.0800
1626308089113000,1,34.30000000,12.0800
1626308089139000,1,477.42000000,12.0800
1626308174171000,1,35.80209285,12.0400
1626308174171000,1,14.31790715,12.0400
1626308438510000,1,13.70000000,12.0900
1626308500199000,1,13.55000000,12.0900
1626309097795000,1,13.36471448,12.1200
1626309593613000,1,12.77000000,12.1700
1626310826944000,0,88.98000000,12.3600
1626310837811000,1,12.11602732,12.3400
1626310928933000,1,11.94552739,12.3800
1626311020649000,1,87.24000000,12.3800
1626311155658000,1,16.71000000,12.4200
1626311155734000,1,0.00980166,12.4200
1626311582998000,1,16.95000000,12.4400
1626312436548000,1,7.95000000,12.3000
1626312436606000,1,8.61171407,12.3000
1626312758338000,1,16.42000000,12.2700
1626312758362000,1,0.00835925,12.2700
1626312809866000,0,173.93008776,12.3000
1626312809866000,0,69.55991224,12.3000
1626312820401000,1,18.94000000,12.2900
1626312820467000,1,0.00741460,12.2900
1626314215388000,1,18.68000000,12.1900
1626314215425000,1,0.00534472,12.1900
1626314385094000,1,18.53000000,12.1500
1626314385111000,1,0.00745370,12.1500
1626314410379000,1,18.31000000,12.1600
1626314410458000,1,0.00137864,12.1600
1626314681333000,1,18.07000000,12.1800
1626314740606000,1,17.85000000,12.1900
1626314740652000,1,0.00621709,12.1900
1626314946512000,1,17.67000000,12.1800
1626314946568000,1,0.00331201,12.1800
1626315488830000,1,17.27000000,12.1700
1626315488859000,1,0.00818704,12.1700
1626315927386000,1,17.07000000,12.1800
1626316048737000,1,16.73000000,12.1500
1626316048760000,1,0.00945047,12.1500
1626316116182000,0,70.42000000,12.1400
1626316801262000,1,16.67696598,12.1400
1626316802742000,1,41.69310166,12.1300
1626318066393000,1,40.24601339,12.0700
1626318066393000,1,16.10426911,12.0700
1626319341367000,0,12.60700000,12.0500
1626320810904000,0,71.07873429,12.0400
1626321043567000,1,9.15000000,12.0300
1626321043613000,1,30.13187597,12.0300
1626321043613000,1,15.71431642,12.0300
1626321630831000,0,20.24000000,12.0100
1626321630877000,0,50.96071553,12.0100
1626321649593000,0,10.32200000,12.0300
1626321728114000,1,404.00000000,11.9800
1626321730156000,1,589.96000000,11.9700
1626321731564000,1,40.23000000,11.9600
1626321738422000,1,13.34000000,11.9400
1626321795723000,0,10.34800000,11.9700
1626322418918000,1,14.78000000,11.9200
1626322418990000,1,6.68000000,11.9200
1626322419163000,1,148.35828000,11.9200
1626322419893000,1,368.18000000,11.9200
1626323521246000,1,19.47632622,11.9600
1626323521246000,1,48.68367378,11.9600
1626324287722000,1,18.58074023,11.9100
1626324488761000,1,17.98000000,11.8900
1626324494545000,0,2.96200000,11.9000
1626324494630000,0,11.43800000,11.9000
1626324494630000,0,6.06200000,11.9100
1626324500521000,0,2.22100000,11.9100
1626324828323000,0,71.67000000,11.9300
1626324860089000,1,16.43763480,11.9300
1626325572076000,1,14.40000000,11.9100
1626325572136000,1,3.02567360,11.9100
1626325681151000,1,16.45859617,11.9200
1626327006973000,1,16.24000000,11.9400
1626327208719000,1,80.19008863,11.9600
1626328190653000,0,12.67800000,11.8800
1626328196190000,0,2.52700000,11.8800
1626328205591000,0,10.42500000,11.8900
1626328216405000,0,3.01700000,11.8900
1626328504356000,1,15.94000000,11.8900
1626328917881000,0,10.42500000,11.8700
1626328924146000,1,15.81000000,11.8600
1626329008417000,0,2.24600000,11.8700
1626329038404000,1,15.76475230,11.8400
1626329358146000,1,91.16000000,11.8700
1626329703904000,1,15.50766964,11.9100
1626330361442000,0,12.69800000,11.8400
1626330371465000,0,1.90200000,11.8400
1626330371465000,0,8.55800000,11.8400
1626330513149000,0,10.45100000,11.8300
1626330671662000,0,10.47800000,11.8000
1626330684274000,1,14.38479673,11.7900
1626330725058000,1,14.22200140,11.7900
1626330725058000,1,35.55198883,11.7900
1626331018557000,1,13.60000000,11.8400
1626331050069000,1,13.42000000,11.8600
1626331050147000,1,0.00962941,11.8600
1626331095762000,1,91.22000000,11.8500
1626331181088000,1,91.15000000,11.8600
1626331305874000,1,13.30524606,11.8300
1626331347746000,1,49.27000000,11.8100
1626331347755000,1,0.00103000,11.8100
1626331756291000,1,91.14000000,11.8600
1626331964770000,1,13.13000000,11.8600
1626332425351000,1,32.61990491,11.7900
1626332425351000,1,13.05009509,11.7900
1626332425377000,1,0.00184821,11.7900
1626332462005000,0,10.48600000,11.8000
1626332582846000,0,2.56500000,11.8000
1626332586585000,0,10.51300000,11.8000
1626333197108000,1,12.91476419,11.8500
1626333485673000,1,12.74000000,11.8700
1626334092296000,0,49.42126000,11.8400
1626334130296000,1,10.77000000,11.8800
1626334256217000,1,92.31000000,11.8500
1626334256250000,1,0.00973119,11.8500
1626335659983000,1,49.42000000,11.8300
1626335757644000,1,17.38000000,11.8600
1626335757670000,1,0.00687500,11.8600
1626336007035000,1,17.17762798,11.8600
1626336075932000,1,17.00000000,11.8500
1626336092736000,1,16.83606933,11.8300
1626336135457000,1,16.36018342,11.8900
1626336135457000,1,40.89981658,11.8900
1626336135501000,1,0.00613741,11.8900
1626336217793000,1,48.35167504,11.9500
1626336217793000,1,19.32832496,11.9500
1626336343512000,1,18.62000000,11.9200
1626336343516000,1,0.00112971,11.9200
1626336562911000,1,18.30000000,12.0000
1626336562955000,1,0.00003250,12.0000
1626337507675000,1,17.85000000,11.8800
1626337507708000,1,0.00275899,11.8800
1626337821387000,1,17.16000000,11.8800
1626337904033000,0,15.94013490,11.8600
1626337939501000,0,5.51500000,11.8800
1626337944319000,0,5.51900000,11.8800
1626337968794000,0,5.52200000,11.8800
1626338217896000,1,17.14000000,11.8900
1626338217898000,1,0.00187314,11.8900
1626338581044000,1,43.86828838,11.8900
1626338581044000,1,17.54878992,11.8900
1626338581044000,1,114.10292170,11.8900
1626338581087000,1,0.00993267,11.8900
1626339169044000,1,16.09000000,11.8800
1626339169082000,1,0.00210022,11.8800
1626339284094000,1,17.29000000,11.9300
1626339284121000,1,0.00396584,11.9300
1626340067424000,1,17.12000000,11.9100
1626340067497000,1,0.00664449,11.9100
1626340231122000,1,16.91000000,11.9200
1626340313827000,1,16.74000000,11.9100
1626340495516000,1,16.48487372,11.9600
1626342193605000,1,18.08000000,11.9800
1626342193609000,1,0.00853506,11.9800
1626342316728000,1,17.88380784,11.9800
1626342392576000,1,17.66000000,11.9900
1626342626957000,1,17.49000000,11.9700
1626342626968000,1,0.00832300,11.9700
1626342969540000,1,17.10000000,11.9700
1626342969603000,1,0.00624948,11.9700
1626343206951000,1,17.70000000,11.9800
1626343206976000,1,0.00546042,11.9800
1626344550537000,1,27.50000000,11.8800
1626344569920000,1,12.73760055,11.8600
1626344575364000,1,14.72340545,11.8300
1626344581725000,0,168.34000000,11.8400
1626344598828000,1,16.43000000,11.8400
1626344721144000,0,12.70900000,11.7900
1626344731556000,0,1.99100000,11.7900
1626344731556000,0,8.49500000,11.7900
1626344766140000,0,10.50400000,11.7700
1626344796928000,0,9.01700000,11.7500
1626344806874000,0,10.52200000,11.7400
1626344848897000,0,10.54000000,11.7400
1626344882374000,0,10.54000000,11.7200
1626344911350000,0,6.43400000,11.7400
1626344943504000,0,10.54900000,11.7400
1626344976535000,0,10.54000000,11.7200
1626345011356000,0,10.54900000,11.7200
1626345046527000,1,18.20000000,11.6800
1626345078235000,1,18.01000000,11.6700
1626345078264000,1,0.00026530,11.6700
1626345099904000,1,17.81000000,11.6700
1626345099931000,1,0.00008033,11.6700
1626345129349000,0,10.59300000,11.6900
1626345157386000,1,75.97000000,11.6400
1626345157782000,1,532.03000000,11.6400
1626345174111000,0,10.59300000,11.6600
1626345202781000,0,2.85000000,11.6800
1626345260166000,1,16.76000000,11.6600
1626345260179000,1,0.00037047,11.6600
1626345276067000,0,54.17000000,11.6700
1626345276095000,0,128.34059046,11.6700
1626345276095000,0,73.00419547,11.6700
1626345330032000,1,19.33000000,11.7000
1626345386903000,1,92.31292767,11.6900
1626345836276000,1,19.23000000,11.6300
1626345836276000,1,0.00577039,11.6300
1626345901413000,0,5.46600000,11.6100
1626345911231000,0,10.64800000,11.6300
1626345943916000,0,73.20704718,11.6400
1626345964120000,1,17.86733864,11.6500
1626346015796000,0,10.63000000,11.6700
1626346333334000,1,17.41000000,11.6800
1626346561852000,1,3.93000000,11.6400
1626346784318000,1,17.24575116,11.6400
1626346784318000,1,43.09424884,11.6400
1626346784357000,1,0.00606019,11.6400
1626346790927000,0,5.27100000,11.6500
1626347131216000,1,16.52876086,11.6600
1626347144145000,1,77.00000000,11.6500
1626347582189000,1,92.77363790,11.6500
1626347642767000,1,90.92545215,11.6500
1626347642781000,1,1.85562147,11.6500
1626347706698000,1,92.78000000,11.6500
1626347706731000,1,0.00061742,11.6500
1626347707548000,1,92.78000000,11.6500
1626347707576000,1,0.00061742,11.6500
1626347721759000,1,92.82000000,11.6400
1626347752595000,1,0.00637494,11.6400
1626347752595000,1,16.38362506,11.6300
1626347752628000,1,0.00900827,11.6300
1626347769439000,1,15.88788944,11.6300
1626347774672000,1,15.85000000,11.6300
1626347774708000,1,0.00457087,11.6300
1626347791525000,0,5.43700000,11.6500
1626347801749000,1,15.91000000,11.6300
1626347801781000,1,0.00621561,11.6300
1626347815081000,0,5.43600000,11.6500
1626348070866000,1,50.00000000,11.6100
1626348111791000,0,10.64800000,11.6400
1626348170223000,1,15.61951317,11.6200
1626348323268000,0,5.60200000,11.6300
1626348324607000,1,15.29000000,11.6200
1626348488081000,0,73.30000000,11.6200
1626348498865000,1,16.00000000,11.6200
1626348624293000,0,97.29000000,11.6400
1626348656233000,0,10.64800000,11.6600
1626349038339000,1,16.03000000,11.6700
1626349100854000,0,73.07000000,11.6600
1626349279521000,1,68.28000000,11.6500
1626349279522000,1,22.91137583,11.6500
1626349468298000,1,17.52680472,11.6500
1626349608847000,0,72.93000000,11.6900
1626349608955000,0,0.00751043,11.6900
1626349855438000,1,18.07000000,11.7000
1626349855516000,1,0.00243116,11.7000
1626349959752000,1,17.88000000,11.6800
1626349959825000,1,0.00683791,11.6800
1626350106239000,1,17.68635156,11.6900
1626350106239000,1,44.20364844,11.6900
1626350106318000,1,0.00315449,11.6900
1626350452126000,0,73.01504958,11.6600
1626350534285000,0,5.60200000,11.5900
1626350542618000,0,10.66500000,11.6000
1626350564218000,1,16.57000000,11.6000
1626350564227000,1,0.00818480,11.6000
1626350567729000,0,2.14600000,11.6000
1626350577596000,0,10.67500000,11.6200
1626350580028000,0,62.60000000,11.6200
1626350580728000,0,0.00526069,11.6200
1626350747025000,1,38.82000000,11.7100
1626350747052000,1,0.00475831,11.7100
1626350754064000,1,38.41840800,11.7100
1626350754064000,1,249.63438268,11.7100
1626350754064000,1,96.00720932,11.7100
1626350764850000,1,33.05236256,11.6800
1626350860700000,1,33.46060587,11.6400
1626350864498000,1,93.65000000,11.6300
1626350894264000,1,33.08000000,11.6500
1626350894299000,1,0.00505699,11.6500
1626350906536000,0,90.31000000,11.6600
1626350906591000,0,0.00325228,11.6600
1626351197067000,1,28.96654162,11.6100
1626351219041000,1,98.42202050,11.5900
1626351219041000,1,29.29797950,11.5900
1626351219074000,1,0.00925942,11.5900
1626351322844000,1,28.94000000,11.6000
1626351322968000,1,0.00806101,11.6000
1626351347870000,0,98.16000000,11.6200
1626351347900000,0,0.00835644,11.6200
1626351453304000,1,28.48000000,11.6600
1626351474651000,1,28.13074353,11.6700
1626351474651000,1,39.11925647,11.6700
1626351474740000,1,31.20807911,11.6700
1626351479789000,1,28.14713899,11.6600
1626351495218000,1,26.76000000,11.6500
1626351672583000,1,26.18583441,11.6400
1626351770433000,1,25.95000000,11.6100
1626351770438000,1,0.00584575,11.6100
1626352041113000,1,25.10000000,11.6000
1626352041162000,1,0.00989488,11.6000
1626352204970000,1,23.85007952,11.5900
1626352204970000,1,59.67090599,11.5900
1626352224223000,0,596.00000000,11.6200
1626352412601000,1,16.00000000,11.6000
1626352412623000,1,6.91040614,11.6000
1626352730490000,1,22.67000000,11.5900
1626352823611000,1,22.42000000,11.5900
1626352978568000,0,3.21681034,11.6000
1626353179753000,1,22.12863993,11.6100
1626353226982000,1,91.10616755,11.5800
1626353226982000,1,16.69383245,11.5800
1626353282981000,0,91.55000000,11.5800
1626353957463000,1,21.67000000,11.6200
1626354001293000,1,95.22000000,11.6000
1626354095056000,1,21.45000000,11.6000
1626354095084000,1,0.00013695,11.6000
1626354223195000,0,97.31372559,11.6200
1626354634692000,1,21.16000000,11.6300
1626354634699000,1,0.00158859,11.6300
1626355006678000,1,95.73459823,11.5700
1626355006678000,1,21.03967580,11.5700
1626355006678000,1,52.59383915,11.5700
1626355512337000,1,20.24764302,11.5500
1626355520550000,1,20.24764302,11.5400
1626355533107000,1,2.00000000,11.5000
1626355533107000,1,50.00000000,11.5000
1626355533107000,1,19.83203990,11.5000
1626355540423000,1,19.48000000,11.4700
1626355540539000,1,0.00177310,11.4700
1626355626955000,0,5.51100000,11.4800
1626355631300000,0,95.64025192,11.4800
1626355646361000,0,10.78500000,11.5700
1626355685791000,1,19.00000000,11.6100
1626355685820000,1,0.00103140,11.6100
1626355709131000,1,18.77000000,11.6100
1626355709136000,1,0.00139593,11.6100
1626355719304000,1,94.56836128,11.6000
1626355733601000,1,18.59000000,11.5900
1626355738468000,1,18.41000000,11.5800
1626355801427000,1,18.20000000,11.5800
1626355880861000,1,17.96000000,11.6000
1626355880909000,1,0.00965880,11.6000
1626355885309000,1,17.76779548,11.6000
1626355885309000,1,44.41220452,11.6000
1626355885335000,1,0.00269016,11.6000
1626355910000000,0,73.47768301,11.6200
1626355956039000,1,17.80000000,11.6600
1626355956044000,1,0.00449589,11.6600
1626355960372000,1,17.60000000,11.6600
1626356098128000,1,17.42080565,11.6500
1626356098128000,1,43.53919435,11.6500
1626356098167000,1,0.00683993,11.6500
1626356124875000,1,16.75000000,11.6300
1626356124904000,1,0.00327466,11.6300
1626356169549000,1,16.57000000,11.6300
1626356169586000,1,0.00686562,11.6300
1626356173308000,0,62.32000000,11.6400
1626356182493000,0,73.28000000,11.6400
1626356182512000,0,0.00622259,11.6400
1626356205970000,1,18.02514761,11.6300
1626356374573000,0,73.45000000,11.6100
1626356374585000,0,0.00110073,11.6100
1626356379627000,1,17.04000000,11.6100
1626356379699000,1,0.00094787,11.6100
1626356386127000,0,92.24000000,11.6300
1626356386144000,0,0.00546052,11.6300
1626356405865000,1,17.64000000,11.6200
1626356405887000,1,0.00400889,11.6200
1626356413681000,1,98.51000000,11.6100
1626356413769000,1,0.00686232,11.6100
1626356601942000,1,94.99861560,11.5900
1626356786251000,1,17.50678124,11.5900
1626356821410000,0,97.39330942,11.6000
1626357036080000,1,17.25000000,11.6300
1626357077739000,0,89.81000000,11.6600
1626357254075000,0,73.19000000,11.6600
1626357254133000,0,0.00882916,11.6600
1626357287977000,1,95.52000000,11.6600
1626357288074000,1,0.00143331,11.6600
1626357811885000,1,17.83000000,11.6600
1626357812009000,1,0.00128279,11.6600
1626357837954000,1,17.63000000,11.6600
1626357863359000,1,17.42000000,11.6700
1626357863378000,1,0.00312636,11.6700
1626357913577000,0,154.67000000,11.6700
1626357913698000,0,28.04213457,11.6700
1626357913698000,0,73.08606464,11.6700
1626358202629000,1,20.13061715,11.7000
1626358243133000,1,19.66000000,11.7100
1626358243146000,1,0.00476370,11.7100
1626358596919000,1,19.51484356,11.6600
1626358783417000,1,19.30000000,11.6600
1626358909889000,1,90.88000000,11.6500
1626359029427000,1,18.15000000,11.6400
1626359029487000,1,0.00350310,11.6400
1626360382950000,1,17.73319177,11.6500
1626360392528000,0,94.79000000,11.6600
1626360605191000,1,17.40000000,11.6800
1626360605227000,1,0.00718361,11.6800
1626360629238000,1,17.19000000,11.6900
1626360674600000,0,72.94091895,11.6900
1626360893456000,1,17.82565502,11.6900
1626360982845000,1,90.30000000,11.6700
1626361283938000,1,15.20000000,11.6300
1626361283955000,1,2.51662188,11.6300
1626361341663000,1,17.49982069,11.6400
1626361341663000,1,43.74017931,11.6400
1626361363946000,0,7.49000000,11.6500
1626361363956000,0,87.77565017,11.6500
1626361536694000,1,19.71612367,11.6300
1626361559244000,1,19.49000000,11.6300
1626362006692000,1,16.32000000,11.6700
1626362006696000,1,2.12863708,11.6700
1626362019142000,1,46.12001210,11.6600
1626362019142000,1,18.45780937,11.6600
1626362019142000,1,118.63388772,11.6600
1626362023344000,0,73.13279036,11.6600
1626362023344000,0,182.81720964,11.6600
1626362023347000,0,0.00870680,11.6600
1626362126373000,1,20.10318734,11.6400
1626362126373000,1,50.25019809,11.6400
1626362386693000,0,95.53000000,11.6800
1626362634273000,1,89.26000443,11.6700
1626362634273000,1,19.24677756,11.6700
1626363031883000,1,19.09743273,11.6300
1626363231914000,1,18.92921849,11.6100
1626363703148000,1,45.17000000,11.6000
1626363703188000,1,1.64072924,11.6000
1626363703188000,1,18.72429170,11.6000
1626363816487000,1,18.02510189,11.5800
1626363877628000,1,17.81706441,11.5800
1626363877628000,1,15.29293559,11.5800
1626363877679000,1,29.25280174,11.5800
1626363886531000,1,93.08946223,11.5600
1626363899021000,1,91.67000000,11.5500
1626363899046000,1,1.48425318,11.5500
1626363923839000,0,90.02661028,11.5900
1626364060269000,1,94.49677899,11.5600
1626364166867000,1,17.89997580,11.5600
1626364546594000,1,17.74000000,11.5400
1626364546775000,1,0.00537185,11.5400
1626364757571000,1,94.10472560,11.5000
1626364809369000,1,17.62113950,11.4900
1626364815406000,0,74.21117625,11.5000
1626364826261000,1,50.71000000,11.5100
1626364826315000,1,0.00953000,11.5100
1626364828435000,1,18.23000000,11.5000
1626364828441000,1,0.00790442,11.5000
1626364865083000,1,18.01000000,11.5100
1626364865093000,1,0.00772438,11.5100
1626364875590000,1,17.81000000,11.5100
1626364875640000,1,0.00504550,11.5100
1626364925656000,0,96.91000000,11.5400
1626364939579000,1,17.55000000,11.5400
1626364939624000,1,0.00945779,11.5400
1626364941577000,1,17.55945779,11.5300
1626364955251000,0,22.44000000,11.5300
1626364955251000,0,27.41000000,11.5300
1626364955267000,0,24.13192056,11.5300
1626364961538000,1,17.61645984,11.5400
1626364961538000,1,44.03354016,11.5400
1626364963075000,1,93.91363346,11.5300
1626364963075000,1,17.61645984,11.5300
1626364977722000,1,16.73000000,11.5300
1626364977739000,1,0.00343867,11.5300
1626364981018000,1,16.73000000,11.5200
1626364981025000,1,0.00343867,11.5200
1626364983503000,0,74.02000000,11.5200
1626364983849000,0,0.00180440,11.5200
1626364986990000,1,17.02201653,11.5200
1626364986990000,1,42.53810415,11.5200
1626364990566000,0,73.98000000,11.5200
1626364990581000,0,0.00966368,11.5200
1626364993344000,1,16.35000000,11.5200
1626364993383000,1,0.00098995,11.5200
1626364998738000,1,18.02000000,11.5200
1626365003664000,0,73.99000000,11.5200
1626365018413000,1,17.80000000,11.5300
1626365018443000,1,0.00069812,11.5300
1626365053626000,1,17.59553762,11.5300
1626365053626000,1,43.98446238,11.5300
1626365053684000,1,0.00514443,11.5300
1626365053747000,1,61.58000000,11.5300
1626365053922000,1,52.77100930,11.5300
1626365071031000,0,73.94000000,11.5300
1626365071078000,0,0.00678229,11.5300
1626365089209000,1,16.45000000,11.5300
1626365089241000,1,0.00315183,11.5300
1626365102100000,0,73.95000000,11.5300
1626365102150000,0,0.00961359,11.5300
1626365103906000,1,16.26000000,11.5300
1626365109618000,1,5.44000000,11.5300
1626365109643000,1,11.47748382,11.5300
1626365126423000,1,16.72000000,11.5300
1626365126449000,1,0.00742303,11.5300
1626365189498000,1,16.55097836,11.5200
1626365189498000,1,41.37672767,11.5200
1626365219492000,1,15.91000000,11.5000
1626365234666000,1,15.75000000,11.5000
1626365234713000,1,0.00092938,11.5000
1626365279751000,1,15.58995025,11.4800
1626365289597000,0,74.27000000,11.4800
1626365289698000,0,0.00795291,11.4800
1626365323647000,0,74.13000000,11.5000
1626365323653000,0,0.00583371,11.5000
1626365332507000,1,16.22893338,11.5000
1626365341004000,1,17.07213287,11.4900
1626365404677000,0,74.18332920,11.5000
1626365404677000,0,185.51667080,11.5000
1626365404698000,0,0.00649320,11.5000
1626365430941000,1,19.57637876,11.5200
1626365457692000,1,94.01890121,11.5200
1626365457692000,1,19.35275900,11.5200
1626365533109000,1,19.15600186,11.5100
1626365533109000,1,94.10693664,11.5100
1626365570427000,1,18.94000000,11.5100
1626365570561000,1,0.00178113,11.5100
1626365703995000,1,94.45041398,11.4900
1626365709683000,1,46.89494629,11.4800
1626365709683000,1,18.76581679,11.4800
1626365749651000,1,18.03000000,11.4800
1626365749652000,1,0.00496826,11.4800
1626365798836000,1,17.84000000,11.4700
1626365798938000,1,0.00730854,11.4700
1626365815683000,1,17.85000000,11.4600
1626365815684000,1,0.00602457,11.4600
1626365822587000,1,17.48453634,11.4400
1626365834750000,0,74.55000000,11.4400
1626365834751000,0,0.00269767,11.4400
1626365842696000,1,17.29728800,11.4400
1626365842696000,1,45.31271200,11.4400
1626365842779000,1,0.00929930,11.4400
1626365848988000,1,17.43000000,11.4400
1626365849008000,1,0.00121334,11.4400
1626365867586000,1,17.43121334,11.4300
1626365899032000,1,17.07017075,11.4200
1626366060160000,0,74.85000000,11.4000
1626366075793000,1,17.74804119,11.3900
1626366086207000,0,99.86000000,11.4000
1626366086306000,0,0.00725406,11.4000
1626366177095000,0,74.80146008,11.4100
1626366185464000,1,18.35000000,11.4200
1626366218287000,1,94.79000000,11.4300
1626366218311000,1,0.00203440,11.4300
1626366246142000,1,45.36537931,11.4200
1626366246142000,1,117.93747372,11.4200
1626366246142000,1,18.14043550,11.4200
1626366292981000,1,94.79000000,11.4300
1626366295921000,1,0.00565084,11.4300
1626366344995000,1,94.88288532,11.4200
1626366344995000,1,16.10711468,11.4200
1626366345032000,1,0.00216866,11.4200
1626366345677000,1,94.88000000,11.4200
1626366346698000,1,0.00288532,11.4200
1626366376922000,0,74.78000000,11.4200
1626366377276000,0,0.00203913,11.4200
1626366446646000,1,16.75642147,11.4300
1626366446646000,1,94.79357853,11.4300
1626366446649000,1,0.00810740,11.4300
1626366463975000,1,16.56701513,11.4300
1626366507961000,1,16.06649483,11.4200
1626366526461000,1,4.50546091,11.4200
1626366789655000,1,16.38000000,11.3800
1626366789937000,1,0.00179921,11.3800
1626366794615000,0,75.07314803,11.3700
1626366801407000,1,16.85738493,11.3800
1626366801407000,1,42.12261507,11.3800
1626366801603000,1,0.00899962,11.3800
1626366806599000,0,74.92560252,11.4000
1626366817393000,0,74.84000000,11.4200
1626366817455000,0,0.00806971,11.4200
1626366823409000,0,21.73900000,11.4600
1626366832987000,1,18.02000000,11.4300
1626366833052000,1,0.00517717,11.4300
1626366851392000,1,97.18087832,11.4100
1626366853786000,1,17.85828767,11.4000
1626366859257000,1,17.66000000,11.4000
1626366859303000,1,0.00583237,11.4000
1626366867325000,0,74.84000000,11.4100
1626366867347000,0,0.00103278,11.4100
1626366869685000,1,17.45000000,11.4100
1626366900879000,1,18.11362291,11.4000
1626366900879000,1,45.27135086,11.4000
1626366920158000,0,74.81013896,11.4200
1626366925492000,1,17.37213655,11.4200
1626366939290000,1,18.85000000,11.4200
1626366939317000,1,0.00792425,11.4200
1626366971289000,0,94.48000000,11.4400
1626367096909000,1,86.04000000,11.4500
1626367096921000,1,8.61928726,11.4500
1626367096921000,1,17.74500720,11.4500
1626367096921000,1,13.56570554,11.4500
1626367096951000,1,30.82082821,11.4500
1626367105088000,0,74.63734373,11.4400
1626367237021000,1,17.88000000,11.4600
1626367237047000,1,0.00298429,11.4600
1626367256695000,0,66.47221256,11.4600
1626367292983000,1,18.42717295,11.4600
1626367445542000,1,94.37000000,11.4800
1626367445630000,1,0.00419284,11.4800
1626367495022000,1,13.33000000,11.5000
1626367585966000,1,18.11993258,11.5200
1626367585966000,1,45.29354319,11.5200
1626367678397000,1,17.49137224,11.4600
1626367758521000,1,17.66825586,11.4300
1626367789155000,1,17.47000000,11.4300
1626367789171000,1,0.00501837,11.4300
1626367831816000,0,74.80000000,11.4100
1626367933275000,1,17.91000000,11.4300
1626367939563000,1,17.73000000,11.4100
1626367939808000,1,0.00067492,11.4100
1626367956876000,0,74.80000000,11.4200
1626367956913000,0,0.00183093,11.4200
1626367965175000,1,17.76858777,11.4200
1626367969760000,0,74.76251948,11.4200
1626367969760000,0,186.89748052,11.4200
1626367969773000,0,0.00572491,11.4200
1626368053867000,1,20.53049587,11.4100
1626368053867000,1,46.13950413,11.4100
1626368053999000,1,5.18677854,11.4100
1626368053999000,1,133.40613996,11.4100
1626368156064000,1,118.31165335,11.4100
1626368156064000,1,18.21360909,11.4100
1626368156064000,1,45.53402273,11.4100
1626368195320000,1,15.86826041,11.3900
1626368195519000,1,0.32384205,11.3900
1626368204879000,0,75.01000000,11.3800
1626368222784000,0,115.51000000,11.3900
1626368222810000,0,71.93422777,11.3900
1626368222810000,0,234.43577223,11.3900
1626368222815000,0,126.89000000,11.3900
1626368228646000,1,23.01000000,11.4000
1626368228767000,1,0.00798267,11.4000
1626368251913000,1,22.75000000,11.4000
1626368251944000,1,0.00658605,11.4000
1626368263235000,1,22.51000000,11.3900
1626368263323000,1,0.00673754,11.3900
1626368308463000,1,22.24702992,11.4000
1626368308463000,1,55.61297008,11.4000
1626368308492000,1,0.00082921,11.4000
1626368509324000,1,21.41000000,11.3800
1626368509378000,1,0.00157861,11.3800
1626368583867000,1,21.16000000,11.3800
1626368589157000,1,21.17000000,11.3700
1626368589172000,1,0.00548233,11.3700
1626368870421000,1,20.73000000,11.3600
1626368870430000,1,0.00053993,11.3600
1626368903968000,1,10.00000000,11.3500
1626368968440000,1,157.61000000,11.3200
1626368968697000,1,287.39000000,11.3200
1626368968697000,1,84.12000000,11.3200
1626368968855000,1,293.88000000,11.3200
1626369012004000,1,17.98000000,11.3000
1626369012011000,1,0.00618313,11.3000
1626369014721000,1,44.99173292,11.2900
1626369014721000,1,17.97826708,11.2900
1626369024017000,1,16.88755946,11.2800
1626369043607000,1,16.71342385,11.2800
1626369050275000,1,16.71342385,11.2700
1626369065545000,0,10.94500000,11.2700
1626369078952000,1,16.16000000,11.2700
1626369079109000,1,0.00847604,11.2700
1626369086514000,0,10.96500000,11.2800
1626369089926000,1,40.42119011,11.2600
1626369089926000,1,50.86647063,11.2600
1626369089946000,1,53.06059507,11.2600
1626369089946000,1,15.98598209,11.2600
1626369089946000,1,15.00000000,11.2600
1626369100707000,0,5.71900000,11.2700
1626369103280000,0,64.18321450,11.2700
1626369103283000,0,1.30986152,11.2700
1626369103283000,0,60.50013848,11.2700
1626369103296000,0,114.27345432,11.2700
1626369104264000,0,68.50151309,11.2800
1626369118910000,0,10.98400000,11.3100
1626369144173000,1,50.51976144,11.3000
1626369144173000,1,20.20790457,11.3000
1626369165125000,1,19.47907455,11.2600
1626369165125000,1,48.69092545,11.2600
1626369165154000,1,0.00676093,11.2600
1626369202902000,0,4.00600000,11.2900
1626369257732000,1,17.93000000,11.2600
1626369257804000,1,0.00540369,11.2600
1626369266963000,1,17.74920293,11.2600
1626369266963000,1,44.35079707,11.2600
1626369267068000,1,0.00172774,11.2600
1626369280919000,1,98.30000000,11.2500
1626369286034000,1,17.05000000,11.2600
1626369309233000,1,16.85527139,11.2600
1626369309233000,1,42.13472861,11.2600
1626369309317000,1,0.00344988,11.2600
1626369394634000,1,16.16000000,11.2800
1626369417736000,0,189.16000000,11.2900
1626369418079000,0,0.00288271,11.2900
1626369490044000,1,94.24206267,11.2700
1626369503048000,1,96.76000000,11.2600
1626369595888000,1,18.16075857,11.2500
1626369595888000,1,45.38818008,11.2500
1626369671501000,0,93.19000000,11.2700
1626369723342000,1,17.34923292,11.2600
1626369723352000,1,0.35406598,11.2600
1626369928009000,1,20.01565078,11.3000
1626369928071000,1,0.40848267,11.3000
1626370436942000,1,50.14789624,11.3700
1626370436942000,1,20.05210376,11.3700
1626370437065000,1,0.00775985,11.3700
1626370532644000,1,19.34000000,11.3300
1626370532648000,1,0.00428757,11.3300
1626370695854000,1,19.17000000,11.3100
1626370695886000,1,0.00104606,11.3100
1626370729844000,1,47.40925707,11.3000
1626370729844000,1,18.96370283,11.3000
1626370731704000,1,98.33359093,11.2900
1626370742494000,1,18.02693376,11.2900
1626370755364000,1,15.40000000,11.2900
1626370756361000,1,17.82093171,11.2900
1626370764262000,1,17.63793744,11.2800
1626370789185000,1,17.44134980,11.2800
1626370953420000,0,82.19000000,11.3000
1626370953430000,0,15.48120466,11.3000
1626370955586000,1,17.91000000,11.3000
1626370955651000,1,0.00178832,11.3000
1626371121698000,1,51.90000000,11.2800
1626371369233000,1,18.54000000,11.3100
1626371369238000,1,0.00558084,11.3100
1626371390953000,1,18.56429219,11.2900
1626371473941000,1,15.70000000,11.2800
1626371520745000,1,94.85786654,11.2600
1626371561315000,1,18.19000000,11.2700
1626371561413000,1,0.00337622,11.2700
1626371611611000,1,17.81000000,11.2500
1626371611647000,1,0.00637347,11.2500
1626371623665000,1,17.61000000,11.2500
1626371623666000,1,0.00589634,11.2500
1626371708098000,1,18.18000000,11.2400
1626371708105000,1,0.00631344,11.2400
1626371715473000,1,17.99000000,11.2400
1626371759237000,0,26.03000000,11.2600
1626371759281000,0,49.91502254,11.2600
1626371774436000,0,94.28000000,11.2900
1626371960657000,1,18.55000000,11.3000
1626371960688000,1,0.00241554,11.3000
1626371967394000,1,17.97871365,11.3000
1626371967411000,1,0.36691252,11.3000
1626372029585000,1,18.09000000,11.3200
1626372029713000,1,0.00083567,11.3200
1626372063561000,1,17.91000000,11.3100
1626372170939000,1,17.65542068,11.3500
1626372251224000,1,18.37823122,11.3600
1626372290969000,1,18.19165007,11.3400
1626372603493000,1,17.97127879,11.3500
1626372603493000,1,44.92819697,11.3500
1626372641210000,1,17.24000000,11.3700
1626372641325000,1,0.00739121,11.3700
1626372756931000,0,8.76801405,11.3800
1626372860083000,1,17.05272479,11.3700
1626372885100000,1,16.85000000,11.3700
1626372885112000,1,0.00818297,11.3700
1626372976992000,1,16.62000000,11.4000
1626372977039000,1,0.00758763,11.4000
1626373225251000,1,16.24588115,11.4100
1626373948469000,1,16.05414324,11.4200
1626374058992000,1,15.87000000,11.4200
1626374059208000,1,0.00434325,11.4200
1626374428230000,1,8.17300000,11.4400
1626374479038000,1,15.65486786,11.4400
1626374799375000,0,74.84000000,11.4200
1626374799415000,0,0.00345531,11.4200
1626374860567000,1,12.98000000,11.4100
1626374860592000,1,0.00485970,11.4100
1626375009550000,1,12.81563369,11.4300
1626375009550000,1,32.03436631,11.4300
1626375066633000,0,72.50000000,11.4600
1626375066718000,0,2.13213037,11.4600
1626375066718000,0,154.40786963,11.4600
1626375066737000,0,32.13371079,11.4600
1626375149085000,0,74.35397746,11.5000
1626375149085000,0,80.37602254,11.5000
1626375149102000,0,105.55452607,11.5000
1626375155390000,1,19.87000000,11.5100
1626375157245000,1,10.60000000,11.5000
1626375168100000,1,19.42000000,11.5100
1626375297793000,1,19.32000000,11.5000
1626375407782000,0,32.11000000,11.4900
1626375407860000,0,42.27676071,11.4900
1626375600765000,1,18.07000000,11.4900
1626375600823000,1,0.00051365,11.4900
1626375624170000,1,17.83000000,11.5100
1626375624202000,1,0.00643721,11.5100
1626375706133000,1,17.31430716,11.4800
1626375706218000,1,0.35335321,11.4800
1626376001331000,1,17.49582222,11.4700
1626376019895000,0,14.72000000,11.4700
1626376019974000,0,59.77905376,11.4700
1626376103444000,1,18.13000000,11.4700
1626376103495000,1,0.00713365,11.4700
1626376348832000,1,17.95060209,11.4600
1626376795120000,1,17.56000000,11.5800
1626376798200000,1,17.55000000,11.5800
1626376807167000,1,16.98000000,11.5600
1626376830612000,1,16.84000000,11.5400
1626376860638000,1,16.72000000,11.5300
1626376860685000,1,0.00020542,11.5300
1626377103300000,1,15.60000000,11.4800
1626377185641000,0,74.46000000,11.4800
1626377185688000,0,0.00200469,11.4800
1626377325590000,1,25.40114302,11.4800
1626377360512000,1,25.09000000,11.4900
1626377360544000,1,0.00478460,11.4900
1626377460857000,1,24.82840885,11.4700
1626378106393000,1,15.10000000,11.4400
1626378270733000,1,22.64000000,11.4700
1626378728966000,1,20.53460550,11.4800
1626378735129000,1,14.80000000,11.4700
1626378735129000,1,20.32130655,11.4700
1626378752699000,1,20.32130655,11.4600
1626378765095000,1,89.88853208,11.4500
1626378765095000,1,14.80000000,11.4500
1626378765095000,1,19.21053786,11.4500
1626378779608000,1,19.01080605,11.4500
1626378791236000,1,18.79426154,11.4500
1626379002618000,1,17.67000000,11.4400
1626379002631000,1,0.00207207,11.4400
1626379145643000,0,74.69000000,11.4400
1626379145658000,0,0.00420170,11.4400
1626379249402000,1,18.29640477,11.4500
1626379334852000,1,18.07000000,11.4600
1626379334964000,1,0.00380444,11.4600
1626379816308000,1,17.84306177,11.4700
1626379878641000,1,17.74000000,11.4700
1626379878660000,1,0.00742716,11.4700
1626379967028000,0,74.49000000,11.4700
1626379967053000,0,0.00493050,11.4700
1626380441771000,1,18.14805157,11.4900
1626381316647000,0,91.18329517,11.5000
1626381316647000,0,74.30758513,11.5000
1626381601813000,0,74.34000000,11.4900
1626381601857000,0,0.00780907,11.4900
1626381654018000,1,98.30000000,11.4700
1626382927883000,0,6.08892763,11.4700
1626383183676000,0,88.46560656,11.4800
1626383357690000,1,18.20000000,11.4800
1626383357766000,1,0.00846182,11.4800
1626384854458000,1,28.47782000,11.4900
1626384857441000,1,16.44581291,11.4900
1626384857441000,1,17.97351618,11.4900
1626386384944000,1,11.78000000,11.4700
1626386391643000,1,18.26000000,11.4500
1626386694736000,1,17.91581117,11.4200
1626386729359000,1,17.70000000,11.4300
1626386729402000,1,0.00091012,11.4300
1626386765953000,1,17.69378914,11.4300
1626386765953000,1,43.73673024,11.4300
1626386765953000,1,113.67948062,11.4300
1626386766013000,1,0.00772072,11.4300
1626386858939000,1,14.15000000,11.4500
1626386858998000,1,0.00776970,11.4500
1626386897046000,1,13.98000000,11.4600
1626386897208000,1,0.00526448,11.4600
1626387010446000,0,186.06347054,11.4900
1626387010446000,0,74.39652946,11.4900
1626387010476000,0,0.00682008,11.4900
1626387059848000,1,16.72000000,11.4900
1626387059869000,1,0.00165411,11.4900
1626387090204000,0,74.34000000,11.4900
1626387090219000,0,0.00206257,11.4900
1626387220441000,1,8.76000000,11.4800
1626387313804000,0,3.87000000,11.4800
1626387313841000,0,70.55535956,11.4800
1626387793283000,1,18.10000000,11.4900
1626387826115000,1,17.91000000,11.4800
1626387826140000,1,0.00980945,11.4800
1626388022882000,1,17.70000000,11.4900
1626388022907000,1,0.00336761,11.4900
1626388677416000,1,10.42000000,11.4900
1626388677434000,1,7.12826149,11.4900
1626388992034000,0,46.61000000,11.4700
1626388992095000,0,27.87179277,11.4700
1626389120451000,1,18.25685564,11.4400
1626389169879000,1,18.08158750,11.4200
1626389191839000,1,18.10027435,11.4100
1626389403101000,0,37.97000000,11.3900
1626389403204000,0,8.21000000,11.3900
1626389552262000,1,18.22000000,11.4100
1626389552328000,1,0.00161063,11.4100
1626389686683000,1,18.05013520,11.3900
1626390111719000,1,17.72039755,11.4700
1626390476628000,0,74.86000000,11.4100
1626390476654000,0,0.00970009,11.4100
1626390925096000,1,18.42000000,11.4300
1626390925140000,1,0.00157487,11.4300
1626391144825000,1,18.15000000,11.4700
1626391144837000,1,0.00525934,11.4700
1626391153674000,1,18.15000000,11.4600
1626392414975000,1,17.74322269,11.3400
1626392488128000,0,2.09800000,11.3100
1626392491067000,0,75.54759626,11.3100
1626392491067000,0,188.86240374,11.3100
1626392491067000,0,0.00329710,11.3100
1626392499124000,0,10.92700000,11.3200
1626392571365000,1,20.60000000,11.2900
1626392571447000,1,0.00384672,11.2900
1626392888597000,1,20.35508110,11.3000
1626393283800000,1,130.80061981,11.2900
1626393283800000,1,50.31065562,11.2900
1626393283800000,1,20.12853688,11.2900
1626393485571000,0,97.32000000,11.3200
1626393578926000,1,14.04000000,11.3800
1626393579030000,1,85.12959072,11.3800
1626393579030000,1,20.80040928,11.3800
