timestamp ms,type,amount,price
1626307293929000,0,73.50000000,12.2300
1626307296924000,0,73.00000000,12.2500
1626307348595000,1,16.94000000,12.2100
1626307348595000,1,0.00645723,12.2100
1626307360389000,1,16.75000000,12.2100
1626307360401000,1,0.00413528,12.2100
1626307557137000,1,16.62000000,12.1700
1626307654050000,1,41.11652072,12.1500
1626307654050000,1,16.44347928,12.1500
1626307654113000,1,0.00664573,12.1500
1626307663410000,1,434.00000000,12.1300
1626307710776000,1,39.66245469,12.1000
1626307710776000,1,15.85450977,12.1000
1626307738144000,1,15.26000000,12.0900
1626307738163000,1,0.00787575,12.0900
1626307796036000,1,15.08610643,12.0900
1626307824714000,1,14.91000000,12.1000
1626307824738000,1,0.00375738,12.1000
1626307891933000,1,14.70000000,12.1300
1626307891996000,1,0.00947748,12.1300
1626308006970000,1,14.56000000,12.1100
1626308006972000,1,0.00750991,12.1100
1626308073646000,1,14.41000000,12.1000
1626308089107000,1,4.28000000,12.0800
1626308089113000,1,34.30000000,12.0800
1626308089139000,1,477.42000000,12.0800
1626308174171000,1,35.80209285,12.0400
1626308174171000,1,14.31790715,12.0400
1626308438510000,1,13.70000000,12.0900
1626308500199000,1,13.55000000,12.0900
1626309097795000,1,13.36471448,12.1200
1626309593613000,1,12.77000000,12.1700
1626310826944000,0,88.98000000,12.3600
1626310837811000,1,12.11602732,12.3400
1626310928933000,1,11.94552739,12.3800
1626311020649000,1,87.24000000,12.3800
1626311155658000,1,16.71000000,12.4200
1626311155734000,1,0.00980166,12.4200
1626311582998000,1,16.95000000,12.4400
1626312436548000,1,7.95000000,12.3000
1626312436606000,1,8.61171407,12.3000
1626312758338000,1,16.42000000,12.2700
1626312758362000,1,0.00835925,12.2700
1626312809866000,0,173.93008776,12.3000
1626312809866000,0,69.55991224,12.3000
1626312820401000,1,18.94000000,12.2900
1626312820467000,1,0.00741460,12.2900
1626314215388000,1,18.68000000,12.1900
1626314215425000,1,0.00534472,12.1900
1626314385094000,1,18.53000000,12.1500
1626314385111000,1,0.00745370,12.1500
1626314410379000,1,18.31000000,12.1600
1626314410458000,1,0.00137864,12.1600
1626314681333000,1,18.07000000,12.1800
1626314740606000,1,17.85000000,12.1900
1626314740652000,1,0.00621709,12.1900
1626314946512000,1,17.67000000,12.1800
1626314946568000,1,0.00331201,12.1800
1626315488830000,1,17.27000000,12.1700
1626315488859000,1,0.00818704,12.1700
1626315927386000,1,17.07000000,12.1800
1626316048737000,1,16.73000000,12.1500
1626316048760000,1,0.00945047,12.1500
1626316116182000,0,70.42000000,12.1400
1626316801262000,1,16.67696598,12.1400
1626316802742000,1,41.69310166,12.1300
1626318066393000,1,40.24601339,12.0700
1626318066393000,1,16.10426911,12.0700
1626319341367000,0,12.60700000,12.0500
1626320810904000,0,71.07873429,12.0400
1626321043567000,1,9.15000000,12.0300
1626321043613000,1,30.13187597,12.0300
1626321043613000,1,15.71431642,12.0300
1626321630831000,0,20.24000000,12.0100
1626321630877000,0,50.96071553,12.0100
1626321649593000,0,10.32200000,12.0300
1626321728114000,1,404.00000000,11.9800
1626321730156000,1,589.96000000,11.9700
1626321731564000,1,40.23000000,11.9600
1626321738422000,1,13.34000000,11.9400
1626321795723000,0,10.34800000,11.9700
1626322418918000,1,14.78000000,11.9200
1626322418990000,1,6.68000000,11.9200
1626322419163000,1,148.35828000,11.9200
1626322419893000,1,368.18000000,11.9200
1626323521246000,1,19.47632622,11.9600
1626323521246000,1,48.68367378,11.9600
1626324287722000,1,18.58074023,11.9100
1626324488761000,1,17.98000000,11.8900
1626324494545000,0,2.96200000,11.9000
1626324494630000,0,11.43800000,11.9000
1626324494630000,0,6.06200000,11.9100
1626324500521000,0,2.22100000,11.9100
1626324828323000,0,71.67000000,11.9300
1626324860089000,1,16.43763480,11.9300
1626325572076000,1,14.40000000,11.9100
1626325572136000,1,3.02567360,11.9100
1626325681151000,1,16.45859617,11.9200
1626327006973000,1,16.24000000,11.9400
1626327208719000,1,80.19008863,11.9600
1626328190653000,0,12.67800000,11.8800
1626328196190000,0,2.52700000,11.8800
1626328205591000,0,10.42500000,11.8900
1626328216405000,0,3.01700000,11.8900
1626328504356000,1,15.94000000,11.8900
1626328917881000,0,10.42500000,11.8700
1626328924146000,1,15.81000000,11.8600
1626329008417000,0,2.24600000,11.8700
1626329038404000,1,15.76475230,11.8400
1626329358146000,1,91.16000000,11.8700
1626329703904000,1,15.50766964,11.9100
1626330361442000,0,12.69800000,11.8400
1626330371465000,0,1.90200000,11.8400
1626330371465000,0,8.55800000,11.8400
1626330513149000,0,10.45100000,11.8300
1626330671662000,0,10.47800000,11.8000
1626330684274000,1,14.38479673,11.7900
1626330725058000,1,14.22200140,11.7900
1626330725058000,1,35.55198883,11.7900
1626331018557000,1,13.60000000,11.8400
1626331050069000,1,13.42000000,11.8600
1626331050147000,1,0.00962941,11.8600
1626331095762000,1,91.22000000,11.8500
1626331181088000,1,91.15000000,11.8600
1626331305874000,1,13.30524606,11.8300
1626331347746000,1,49.27000000,11.8100
1626331347755000,1,0.00103000,11.8100
1626331756291000,1,91.14000000,11.8600
1626331964770000,1,13.13000000,11.8600
1626332425351000,1,32.61990491,11.7900
1626332425351000,1,13.05009509,11.7900
1626332425377000,1,0.00184821,11.7900
1626332462005000,0,10.48600000,11.8000
1626332582846000,0,2.56500000,11.8000
1626332586585000,0,10.51300000,11.8000
1626333197108000,1,12.91476419,11.8500
1626333485673000,1,12.74000000,11.8700
1626334092296000,0,49.42126000,11.8400
1626334130296000,1,10.77000000,11.8800
1626334256217000,1,92.31000000,11.8500
1626334256250000,1,0.00973119,11.8500
1626335659983000,1,49.42000000,11.8300
1626335757644000,1,17.38000000,11.8600
1626335757670000,1,0.00687500,11.8600
1626336007035000,1,17.17762798,11.8600
1626336075932000,1,17.00000000,11.8500
1626336092736000,1,16.83606933,11.8300
1626336135457000,1,16.36018342,11.8900
1626336135457000,1,40.89981658,11.8900
1626336135501000,1,0.00613741,11.8900
1626336217793000,1,48.35167504,11.9500
1626336217793000,1,19.32832496,11.9500
1626336343512000,1,18.62000000,11.9200
1626336343516000,1,0.00112971,11.9200
1626336562911000,1,18.30000000,12.0000
1626336562955000,1,0.00003250,12.0000
1626337507675000,1,17.85000000,11.8800
1626337507708000,1,0.00275899,11.8800
1626337821387000,1,17.16000000,11.8800
1626337904033000,0,15.94013490,11.8600
1626337939501000,0,5.51500000,11.8800
1626337944319000,0,5.51900000,11.8800
1626337968794000,0,5.52200000,11.8800
1626338217896000,1,17.14000000,11.8900
1626338217898000,1,0.00187314,11.8900
1626338581044000,1,43.86828838,11.8900
1626338581044000,1,17.54878992,11.8900
1626338581044000,1,114.10292170,11.8900
1626338581087000,1,0.00993267,11.8900
1626339169044000,1,16.09000000,11.8800
1626339169082000,1,0.00210022,11.8800
1626339284094000,1,17.29000000,11.9300
1626339284121000,1,0.00396584,11.9300
1626340067424000,1,17.12000000,11.9100
1626340067497000,1,0.00664449,11.9100
1626340231122000,1,16.91000000,11.9200
1626340313827000,1,16.74000000,11.9100
1626340495516000,1,16.48487372,11.9600
1626342193605000,1,18.08000000,11.9800
1626342193609000,1,0.00853506,11.9800
1626342316728000,1,17.88380784,11.9800
1626342392576000,1,17.66000000,11.9900
1626342626957000,1,17.49000000,11.9700
1626342626968000,1,0.00832300,11.9700
1626342969540000,1,17.10000000,11.9700
1626342969603000,1,0.00624948,11.9700
1626343206951000,1,17.70000000,11.9800
1626343206976000,1,0.00546042,11.9800
1626344550537000,1,27.50000000,11.8800
1626344569920000,1,12.73760055,11.8600
1626344575364000,1,14.72340545,11.8300
1626344581725000,0,168.34000000,11.8400
1626344598828000,1,16.43000000,11.8400
1626344721144000,0,12.70900000,11.7900
1626344731556000,0,1.99100000,11.7900
1626344731556000,0,8.49500000,11.7900
1626344766140000,0,10.50400000,11.7700
1626344796928000,0,9.01700000,11.7500
1626344806874000,0,10.52200000,11.7400
1626344848897000,0,10.54000000,11.7400
1626344882374000,0,10.54000000,11.7200
1626344911350000,0,6.43400000,11.7400
1626344943504000,0,10.54900000,11.7400
1626344976535000,0,10.54000000,11.7200
1626345011356000,0,10.54900000,11.7200
1626345046527000,1,18.20000000,11.6800
1626345078235000,1,18.01000000,11.6700
1626345078264000,1,0.00026530,11.6700
1626345099904000,1,17.81000000,11.6700
1626345099931000,1,0.00008033,11.6700
1626345129349000,0,10.59300000,11.6900
1626345157386000,1,75.97000000,11.6400
1626345157782000,1,532.03000000,11.6400
1626345174111000,0,10.59300000,11.6600
1626345202781000,0,2.85000000,11.6800
1626345260166000,1,16.76000000,11.6600
1626345260179000,1,0.00037047,11.6600
1626345276067000,0,54.17000000,11.6700
1626345276095000,0,128.34059046,11.6700
1626345276095000,0,73.00419547,11.6700
1626345330032000,1,19.33000000,11.7000
1626345386903000,1,92.31292767,11.6900
1626345836276000,1,19.23000000,11.6300
1626345836276000,1,0.00577039,11.6300
1626345901413000,0,5.46600000,11.6100
1626345911231000,0,10.64800000,11.6300
1626345943916000,0,73.20704718,11.6400
1626345964120000,1,17.86733864,11.6500
1626346015796000,0,10.63000000,11.6700
1626346333334000,1,17.41000000,11.6800
1626346561852000,1,3.93000000,11.6400
1626346784318000,1,17.24575116,11.6400
1626346784318000,1,43.09424884,11.6400
1626346784357000,1,0.00606019,11.6400
1626346790927000,0,5.27100000,11.6500
1626347131216000,1,16.52876086,11.6600
1626347144145000,1,77.00000000,11.6500
1626347582189000,1,92.77363790,11.6500
1626347642767000,1,90.92545215,11.6500
1626347642781000,1,1.85562147,11.6500
1626347706698000,1,92.78000000,11.6500
1626347706731000,1,0.00061742,11.6500
1626347707548000,1,92.78000000,11.6500
1626347707576000,1,0.00061742,11.6500
1626347721759000,1,92.82000000,11.6400
1626347752595000,1,0.00637494,11.6400
1626347752595000,1,16.38362506,11.6300
1626347752628000,1,0.00900827,11.6300
1626347769439000,1,15.88788944,11.6300
1626347774672000,1,15.85000000,11.6300
1626347774708000,1,0.00457087,11.6300
1626347791525000,0,5.43700000,11.6500
1626347801749000,1,15.91000000,11.6300
1626347801781000,1,0.00621561,11.6300
1626347815081000,0,5.43600000,11.6500
1626348070866000,1,50.00000000,11.6100
1626348111791000,0,10.64800000,11.6400
1626348170223000,1,15.61951317,11.6200
1626348323268000,0,5.60200000,11.6300
1626348324607000,1,15.29000000,11.6200
1626348488081000,0,73.30000000,11.6200
1626348498865000,1,16.00000000,11.6200
1626348624293000,0,97.29000000,11.6400
1626348656233000,0,10.64800000,11.6600
1626349038339000,1,16.03000000,11.6700
1626349100854000,0,73.07000000,11.6600
1626349279521000,1,68.28000000,11.6500
1626349279522000,1,22.91137583,11.6500
1626349468298000,1,17.52680472,11.6500
1626349608847000,0,72.93000000,11.6900
1626349608955000,0,0.00751043,11.6900
1626349855438000,1,18.07000000,11.7000
1626349855516000,1,0.00243116,11.7000
1626349959752000,1,17.88000000,11.6800
1626349959825000,1,0.00683791,11.6800
1626350106239000,1,17.68635156,11.6900
1626350106239000,1,44.20364844,11.6900
1626350106318000,1,0.00315449,11.6900
1626350452126000,0,73.01504958,11.6600
1626350534285000,0,5.60200000,11.5900
1626350542618000,0,10.66500000,11.6000
1626350564218000,1,16.57000000,11.6000
1626350564227000,1,0.00818480,11.6000
1626350567729000,0,2.14600000,11.6000
1626350577596000,0,10.67500000,11.6200
1626350580028000,0,62.60000000,11.6200
1626350580728000,0,0.00526069,11.6200
1626350747025000,1,38.82000000,11.7100
1626350747052000,1,0.00475831,11.7100
1626350754064000,1,38.41840800,11.7100
1626350754064000,1,249.63438268,11.7100
1626350754064000,1,96.00720932,11.7100
1626350764850000,1,33.05236256,11.6800
1626350860700000,1,33.46060587,11.6400
1626350864498000,1,93.65000000,11.6300
1626350894264000,1,33.08000000,11.6500
1626350894299000,1,0.00505699,11.6500
1626350906536000,0,90.31000000,11.6600
1626350906591000,0,0.00325228,11.6600
1626351197067000,1,28.96654162,11.6100
1626351219041000,1,98.42202050,11.5900
1626351219041000,1,29.29797950,11.5900
1626351219074000,1,0.00925942,11.5900
1626351322844000,1,28.94000000,11.6000
1626351322968000,1,0.00806101,11.6000
1626351347870000,0,98.16000000,11.6200
1626351347900000,0,0.00835644,11.6200
1626351453304000,1,28.48000000,11.6600
1626351474651000,1,28.13074353,11.6700
1626351474651000,1,39.11925647,11.6700
1626351474740000,1,31.20807911,11.6700
1626351479789000,1,28.14713899,11.6600
1626351495218000,1,26.76000000,11.6500
1626351672583000,1,26.18583441,11.6400
1626351770433000,1,25.95000000,11.6100
1626351770438000,1,0.00584575,11.6100
1626352041113000,1,25.10000000,11.6000
1626352041162000,1,0.00989488,11.6000
1626352204970000,1,23.85007952,11.5900
1626352204970000,1,59.67090599,11.5900
1626352224223000,0,596.00000000,11.6200
1626352412601000,1,16.00000000,11.6000
1626352412623000,1,6.91040614,11.6000
1626352730490000,1,22.67000000,11.5900
1626352823611000,1,22.42000000,11.5900
1626352978568000,0,3.21681034,11.6000
1626353179753000,1,22.12863993,11.6100
1626353226982000,1,91.10616755,11.5800
1626353226982000,1,16.69383245,11.5800
1626353282981000,0,91.55000000,11.5800
1626353957463000,1,21.67000000,11.6200
1626354001293000,1,95.22000000,11.6000
1626354095056000,1,21.45000000,11.6000
1626354095084000,1,0.00013695,11.6000
1626354223195000,0,97.31372559,11.6200
1626354634692000,1,21.16000000,11.6300
1626354634699000,1,0.00158859,11.6300
1626355006678000,1,95.73459823,11.5700
1626355006678000,1,21.03967580,11.5700
1626355006678000,1,52.59383915,11.5700
1626355512337000,1,20.24764302,11.5500
1626355520550000,1,20.24764302,11.5400
1626355533107000,1,2.00000000,11.5000
1626355533107000,1,50.00000000,11.5000
1626355533107000,1,19.83203990,11.5000
1626355540423000,1,19.48000000,11.4700
1626355540539000,1,0.00177310,11.4700
1626355626955000,0,5.51100000,11.4800
1626355631300000,0,95.64025192,11.4800
1626355646361000,0,10.78500000,11.5700
1626355685791000,1,19.00000000,11.6100
1626355685820000,1,0.00103140,11.6100
1626355709131000,1,18.77000000,11.6100
1626355709136000,1,0.00139593,11.6100
1626355719304000,1,94.56836128,11.6000
1626355733601000,1,18.59000000,11.5900
1626355738468000,1,18.41000000,11.5800
1626355801427000,1,18.20000000,11.5800
1626355880861000,1,17.96000000,11.6000
1626355880909000,1,0.00965880,11.6000
1626355885309000,1,17.76779548,11.6000
1626355885309000,1,44.41220452,11.6000
1626355885335000,1,0.00269016,11.6000
1626355910000000,0,73.47768301,11.6200
1626355956039000,1,17.80000000,11.6600
1626355956044000,1,0.00449589,11.6600
1626355960372000,1,17.60000000,11.6600
1626356098128000,1,17.42080565,11.6500
1626356098128000,1,43.53919435,11.6500
1626356098167000,1,0.00683993,11.6500
1626356124875000,1,16.75000000,11.6300
1626356124904000,1,0.00327466,11.6300
1626356169549000,1,16.57000000,11.6300
1626356169586000,1,0.00686562,11.6300
1626356173308000,0,62.32000000,11.6400
1626356182493000,0,73.28000000,11.6400
1626356182512000,0,0.00622259,11.6400
1626356205970000,1,18.02514761,11.6300
1626356374573000,0,73.45000000,11.6100
1626356374585000,0,0.00110073,11.6100
1626356379627000,1,17.04000000,11.6100
1626356379699000,1,0.00094787,11.6100
1626356386127000,0,92.24000000,11.6300
1626356386144000,0,0.00546052,11.6300
1626356405865000,1,17.64000000,11.6200
1626356405887000,1,0.00400889,11.6200
1626356413681000,1,98.51000000,11.6100
1626356413769000,1,0.00686232,11.6100
1626356601942000,1,94.99861560,11.5900
1626356786251000,1,17.50678124,11.5900
1626356821410000,0,97.39330942,11.6000
1626357036080000,1,17.25000000,11.6300
1626357077739000,0,89.81000000,11.6600
1626357254075000,0,73.19000000,11.6600
1626357254133000,0,0.00882916,11.6600
1626357287977000,1,95.52000000,11.6600
1626357288074000,1,0.00143331,11.6600
1626357811885000,1,17.83000000,11.6600
1626357812009000,1,0.00128279,11.6600
1626357837954000,1,17.63000000,11.6600
1626357863359000,1,17.42000000,11.6700
1626357863378000,1,0.00312636,11.6700
1626357913577000,0,154.67000000,11.6700
1626357913698000,0,28.04213457,11.6700
1626357913698000,0,73.08606464,11.6700
1626358202629000,1,20.13061715,11.7000
1626358243133000,1,19.66000000,11.7100
1626358243146000,1,0.00476370,11.7100
1626358596919000,1,19.51484356,11.6600
1626358783417000,1,19.30000000,11.6600
1626358909889000,1,90.88000000,11.6500
1626359029427000,1,18.15000000,11.6400
1626359029487000,1,0.00350310,11.6400
1626360382950000,1,17.73319177,11.6500
1626360392528000,0,94.79000000,11.6600
1626360605191000,1,17.40000000,11.6800
1626360605227000,1,0.00718361,11.6800
1626360629238000,1,17.19000000,11.6900
1626360674600000,0,72.94091895,11.6900
1626360893456000,1,17.82565502,11.6900
1626360982845000,1,90.30000000,11.6700
1626361283938000,1,15.20000000,11.6300
1626361283955000,1,2.51662188,11.6300
1626361341663000,1,17.49982069,11.6400
1626361341663000,1,43.74017931,11.6400
1626361363946000,0,7.49000000,11.6500
1626361363956000,0,87.77565017,11.6500
1626361536694000,1,19.71612367,11.6300
1626361559244000,1,19.49000000,11.6300
1626362006692000,1,16.32000000,11.6700
1626362006696000,1,2.12863708,11.6700
1626362019142000,1,46.12001210,11.6600
1626362019142000,1,18.45780937,11.6600
1626362019142000,1,118.63388772,11.6600
1626362023344000,0,73.13279036,11.6600
1626362023344000,0,182.81720964,11.6600
1626362023347000,0,0.00870680,11.6600
1626362126373000,1,20.10318734,11.6400
1626362126373000,1,50.25019809,11.6400
1626362386693000,0,95.53000000,11.6800
1626362634273000,1,89.26000443,11.6700
1626362634273000,1,19.24677756,11.6700
1626363031883000,1,19.09743273,11.6300
1626363231914000,1,18.92921849,11.6100
1626363703148000,1,45.17000000,11.6000
1626363703188000,1,1.64072924,11.6000
1626363703188000,1,18.72429170,11.6000
1626363816487000,1,18.02510189,11.5800
1626363877628000,1,17.81706441,11.5800
1626363877628000,1,15.29293559,11.5800
1626363877679000,1,29.25280174,11.5800
1626363886531000,1,93.08946223,11.5600
1626363899021000,1,91.67000000,11.5500
1626363899046000,1,1.48425318,11.5500
1626363923839000,0,90.02661028,11.5900
1626364060269000,1,94.49677899,11.5600
1626364166867000,1,17.89997580,11.5600
1626364546594000,1,17.74000000,11.5400
1626364546775000,1,0.00537185,11.5400
1626364757571000,1,94.10472560,11.5000
1626364809369000,1,17.62113950,11.4900
1626364815406000,0,74.21117625,11.5000
1626364826261000,1,50.71000000,11.5100
1626364826315000,1,0.00953000,11.5100
1626364828435000,1,18.23000000,11.5000
1626364828441000,1,0.00790442,11.5000
1626364865083000,1,18.01000000,11.5100
1626364865093000,1,0.00772438,11.5100
1626364875590000,1,17.81000000,11.5100
1626364875640000,1,0.00504550,11.5100
1626364925656000,0,96.91000000,11.5400
1626364939579000,1,17.55000000,11.5400
1626364939624000,1,0.00945779,11.5400
1626364941577000,1,17.55945779,11.5300
1626364955251000,0,22.44000000,11.5300
1626364955251000,0,27.41000000,11.5300
1626364955267000,0,24.13192056,11.5300
1626364961538000,1,17.61645984,11.5400
1626364961538000,1,44.03354016,11.5400
1626364963075000,1,93.91363346,11.5300
1626364963075000,1,17.61645984,11.5300
1626364977722000,1,16.73000000,11.5300
1626364977739000,1,0.00343867,11.5300
1626364981018000,1,16.73000000,11.5200
1626364981025000,1,0.00343867,11.5200
1626364983503000,0,74.02000000,11.5200
1626364983849000,0,0.00180440,11.5200
1626364986990000,1,17.02201653,11.5200
1626364986990000,1,42.53810415,11.5200
1626364990566000,0,73.98000000,11.5200
1626364990581000,0,0.00966368,11.5200
1626364993344000,1,16.35000000,11.5200
1626364993383000,1,0.00098995,11.5200
1626364998738000,1,18.02000000,11.5200
1626365003664000,0,73.99000000,11.5200
1626365018413000,1,17.80000000,11.5300
1626365018443000,1,0.00069812,11.5300
1626365053626000,1,17.59553762,11.5300
1626365053626000,1,43.98446238,11.5300
1626365053684000,1,0.00514443,11.5300
1626365053747000,1,61.58000000,11.5300
1626365053922000,1,52.77100930,11.5300
1626365071031000,0,73.94000000,11.5300
1626365071078000,0,0.00678229,11.5300
1626365089209000,1,16.45000000,11.5300
1626365089241000,1,0.00315183,11.5300
1626365102100000,0,73.95000000,11.5300
1626365102150000,0,0.00961359,11.5300
1626365103906000,1,16.26000000,11.5300
1626365109618000,1,5.44000000,11.5300
1626365109643000,1,11.47748382,11.5300
1626365126423000,1,16.72000000,11.5300
1626365126449000,1,0.00742303,11.5300
1626365189498000,1,16.55097836,11.5200
1626365189498000,1,41.37672767,11.5200
1626365219492000,1,15.91000000,11.5000
1626365234666000,1,15.75000000,11.5000
1626365234713000,1,0.00092938,11.5000
1626365279751000,1,15.58995025,11.4800
1626365289597000,0,74.27000000,11.4800
1626365289698000,0,0.00795291,11.4800
1626365323647000,0,74.13000000,11.5000
1626365323653000,0,0.00583371,11.5000
1626365332507000,1,16.22893338,11.5000
1626365341004000,1,17.07213287,11.4900
1626365404677000,0,74.18332920,11.5000
1626365404677000,0,185.51667080,11.5000
1626365404698000,0,0.00649320,11.5000
1626365430941000,1,19.57637876,11.5200
1626365457692000,1,94.01890121,11.5200
1626365457692000,1,19.35275900,11.5200
1626365533109000,1,19.15600186,11.5100
1626365533109000,1,94.10693664,11.5100
1626365570427000,1,18.94000000,11.5100
1626365570561000,1,0.00178113,11.5100
1626365703995000,1,94.45041398,11.4900
1626365709683000,1,46.89494629,11.4800
1626365709683000,1,18.76581679,11.4800
1626365749651000,1,18.03000000,11.4800
1626365749652000,1,0.00496826,11.4800
1626365798836000,1,17.84000000,11.4700
1626365798938000,1,0.00730854,11.4700
1626365815683000,1,17.85000000,11.4600
1626365815684000,1,0.00602457,11.4600
1626365822587000,1,17.48453634,11.4400
1626365834750000,0,74.55000000,11.4400
1626365834751000,0,0.00269767,11.4400
1626365842696000,1,17.29728800,11.4400
1626365842696000,1,45.31271200,11.4400
1626365842779000,1,0.00929930,11.4400
1626365848988000,1,17.43000000,11.4400
1626365849008000,1,0.00121334,11.4400
1626365867586000,1,17.43121334,11.4300
1626365899032000,1,17.07017075,11.4200
1626366060160000,0,74.85000000,11.4000
1626366075793000,1,17.74804119,11.3900
1626366086207000,0,99.86000000,11.4000
1626366086306000,0,0.00725406,11.4000
1626366177095000,0,74.80146008,11.4100
1626366185464000,1,18.35000000,11.4200
1626366218287000,1,94.79000000,11.4300
1626366218311000,1,0.00203440,11.4300
1626366246142000,1,45.36537931,11.4200
1626366246142000,1,117.93747372,11.4200
1626366246142000,1,18.14043550,11.4200
1626366292981000,1,94.79000000,11.4300
1626366295921000,1,0.00565084,11.4300
1626366344995000,1,94.88288532,11.4200
1626366344995000,1,16.10711468,11.4200
1626366345032000,1,0.00216866,11.4200
1626366345677000,1,94.88000000,11.4200
1626366346698000,1,0.00288532,11.4200
1626366376922000,0,74.78000000,11.4200
1626366377276000,0,0.00203913,11.4200
1626366446646000,1,16.75642147,11.4300
1626366446646000,1,94.79357853,11.4300
1626366446649000,1,0.00810740,11.4300
1626366463975000,1,16.56701513,11.4300
1626366507961000,1,16.06649483,11.4200
1626366526461000,1,4.50546091,11.4200
1626366789655000,1,16.38000000,11.3800
1626366789937000,1,0.00179921,11.3800
1626366794615000,0,75.07314803,11.3700
1626366801407000,1,16.85738493,11.3800
1626366801407000,1,42.12261507,11.3800
1626366801603000,1,0.00899962,11.3800
1626366806599000,0,74.92560252,11.4000
1626366817393000,0,74.84000000,11.4200
1626366817455000,0,0.00806971,11.4200
1626366823409000,0,21.73900000,11.4600
1626366832987000,1,18.02000000,11.4300
1626366833052000,1,0.00517717,11.4300
1626366851392000,1,97.18087832,11.4100
1626366853786000,1,17.85828767,11.4000
1626366859257000,1,17.66000000,11.4000
1626366859303000,1,0.00583237,11.4000
1626366867325000,0,74.84000000,11.4100
1626366867347000,0,0.00103278,11.4100
1626366869685000,1,17.45000000,11.4100
1626366900879000,1,18.11362291,11.4000
1626366900879000,1,45.27135086,11.4000
1626366920158000,0,74.81013896,11.4200
1626366925492000,1,17.37213655,11.4200
1626366939290000,1,18.85000000,11.4200
1626366939317000,1,0.00792425,11.4200
1626366971289000,0,94.48000000,11.4400
1626367096909000,1,86.04000000,11.4500
1626367096921000,1,8.61928726,11.4500
1626367096921000,1,17.74500720,11.4500
1626367096921000,1,13.56570554,11.4500
1626367096951000,1,30.82082821,11.4500
1626367105088000,0,74.63734373,11.4400
1626367237021000,1,17.88000000,11.4600
1626367237047000,1,0.00298429,11.4600
1626367256695000,0,66.47221256,11.4600
1626367292983000,1,18.42717295,11.4600
1626367445542000,1,94.37000000,11.4800
1626367445630000,1,0.00419284,11.4800
1626367495022000,1,13.33000000,11.5000
1626367585966000,1,18.11993258,11.5200
1626367585966000,1,45.29354319,11.5200
1626367678397000,1,17.49137224,11.4600
1626367758521000,1,17.66825586,11.4300
1626367789155000,1,17.47000000,11.4300
1626367789171000,1,0.00501837,11.4300
1626367831816000,0,74.80000000,11.4100
1626367933275000,1,17.91000000,11.4300
1626367939563000,1,17.73000000,11.4100
1626367939808000,1,0.00067492,11.4100
1626367956876000,0,74.80000000,11.4200
1626367956913000,0,0.00183093,11.4200
1626367965175000,1,17.76858777,11.4200
1626367969760000,0,74.76251948,11.4200
1626367969760000,0,186.89748052,11.4200
1626367969773000,0,0.00572491,11.4200
1626368053867000,1,20.53049587,11.4100
1626368053867000,1,46.13950413,11.4100
1626368053999000,1,5.18677854,11.4100
1626368053999000,1,133.40613996,11.4100
1626368156064000,1,118.31165335,11.4100
1626368156064000,1,18.21360909,11.4100
1626368156064000,1,45.53402273,11.4100
1626368195320000,1,15.86826041,11.3900
1626368195519000,1,0.32384205,11.3900
1626368204879000,0,75.01000000,11.3800
1626368222784000,0,115.51000000,11.3900
1626368222810000,0,71.93422777,11.3900
1626368222810000,0,234.43577223,11.3900
1626368222815000,0,126.89000000,11.3900
1626368228646000,1,23.01000000,11.4000
1626368228767000,1,0.00798267,11.4000
1626368251913000,1,22.75000000,11.4000
1626368251944000,1,0.00658605,11.4000
1626368263235000,1,22.51000000,11.3900
1626368263323000,1,0.00673754,11.3900
1626368308463000,1,22.24702992,11.4000
1626368308463000,1,55.61297008,11.4000
1626368308492000,1,0.00082921,11.4000
1626368509324000,1,21.41000000,11.3800
1626368509378000,1,0.00157861,11.3800
1626368583867000,1,21.16000000,11.3800
1626368589157000,1,21.17000000,11.3700
1626368589172000,1,0.00548233,11.3700
1626368870421000,1,20.73000000,11.3600
1626368870430000,1,0.00053993,11.3600
1626368903968000,1,10.00000000,11.3500
1626368968440000,1,157.61000000,11.3200
1626368968697000,1,287.39000000,11.3200
1626368968697000,1,84.12000000,11.3200
1626368968855000,1,293.88000000,11.3200
1626369012004000,1,17.98000000,11.3000
1626369012011000,1,0.00618313,11.3000
1626369014721000,1,44.99173292,11.2900
1626369014721000,1,17.97826708,11.2900
1626369024017000,1,16.88755946,11.2800
1626369043607000,1,16.71342385,11.2800
1626369050275000,1,16.71342385,11.2700
1626369065545000,0,10.94500000,11.2700
1626369078952000,1,16.16000000,11.2700
1626369079109000,1,0.00847604,11.2700
1626369086514000,0,10.96500000,11.2800
1626369089926000,1,40.42119011,11.2600
1626369089926000,1,50.86647063,11.2600
1626369089946000,1,53.06059507,11.2600
1626369089946000,1,15.98598209,11.2600
1626369089946000,1,15.00000000,11.2600
1626369100707000,0,5.71900000,11.2700
1626369103280000,0,64.18321450,11.2700
1626369103283000,0,1.30986152,11.2700
1626369103283000,0,60.50013848,11.2700
1626369103296000,0,114.27345432,11.2700
1626369104264000,0,68.50151309,11.2800
1626369118910000,0,10.98400000,11.3100
1626369144173000,1,50.51976144,11.3000
1626369144173000,1,20.20790457,11.3000
1626369165125000,1,19.47907455,11.2600
1626369165125000,1,48.69092545,11.2600
1626369165154000,1,0.00676093,11.2600
1626369202902000,0,4.00600000,11.2900
1626369257732000,1,17.93000000,11.2600
1626369257804000,1,0.00540369,11.2600
1626369266963000,1,17.74920293,11.2600
1626369266963000,1,44.35079707,11.2600
1626369267068000,1,0.00172774,11.2600
1626369280919000,1,98.30000000,11.2500
1626369286034000,1,17.05000000,11.2600
1626369309233000,1,16.85527139,11.2600
1626369309233000,1,42.13472861,11.2600
1626369309317000,1,0.00344988,11.2600
1626369394634000,1,16.16000000,11.2800
1626369417736000,0,189.16000000,11.2900
1626369418079000,0,0.00288271,11.2900
1626369490044000,1,94.24206267,11.2700
1626369503048000,1,96.76000000,11.2600
1626369595888000,1,18.16075857,11.2500
1626369595888000,1,45.38818008,11.2500
1626369671501000,0,93.19000000,11.2700
1626369723342000,1,17.34923292,11.2600
1626369723352000,1,0.35406598,11.2600
1626369928009000,1,20.01565078,11.3000
1626369928071000,1,0.40848267,11.3000
1626370436942000,1,50.14789624,11.3700
1626370436942000,1,20.05210376,11.3700
1626370437065000,1,0.00775985,11.3700
1626370532644000,1,19.34000000,11.3300
1626370532648000,1,0.00428757,11.3300
1626370695854000,1,19.17000000,11.3100
1626370695886000,1,0.00104606,11.3100
1626370729844000,1,47.40925707,11.3000
1626370729844000,1,18.96370283,11.3000
1626370731704000,1,98.33359093,11.2900
1626370742494000,1,18.02693376,11.2900
1626370755364000,1,15.40000000,11.2900
1626370756361000,1,17.82093171,11.2900
1626370764262000,1,17.63793744,11.2800
1626370789185000,1,17.44134980,11.2800
1626370953420000,0,82.19000000,11.3000
1626370953430000,0,15.48120466,11.3000
1626370955586000,1,17.91000000,11.3000
1626370955651000,1,0.00178832,11.3000
1626371121698000,1,51.90000000,11.2800
1626371369233000,1,18.54000000,11.3100
1626371369238000,1,0.00558084,11.3100
1626371390953000,1,18.56429219,11.2900
1626371473941000,1,15.70000000,11.2800
1626371520745000,1,94.85786654,11.2600
1626371561315000,1,18.19000000,11.2700
1626371561413000,1,0.00337622,11.2700
1626371611611000,1,17.81000000,11.2500
1626371611647000,1,0.00637347,11.2500
1626371623665000,1,17.61000000,11.2500
1626371623666000,1,0.00589634,11.2500
1626371708098000,1,18.18000000,11.2400
1626371708105000,1,0.00631344,11.2400
1626371715473000,1,17.99000000,11.2400
1626371759237000,0,26.03000000,11.2600
1626371759281000,0,49.91502254,11.2600
1626371774436000,0,94.28000000,11.2900
1626371960657000,1,18.55000000,11.3000
1626371960688000,1,0.00241554,11.3000
1626371967394000,1,17.97871365,11.3000
1626371967411000,1,0.36691252,11.3000
1626372029585000,1,18.09000000,11.3200
1626372029713000,1,0.00083567,11.3200
1626372063561000,1,17.91000000,11.3100
1626372170939000,1,17.65542068,11.3500
1626372251224000,1,18.37823122,11.3600
1626372290969000,1,18.19165007,11.3400
1626372603493000,1,17.97127879,11.3500
1626372603493000,1,44.92819697,11.3500
1626372641210000,1,17.24000000,11.3700
1626372641325000,1,0.00739121,11.3700
1626372756931000,0,8.76801405,11.3800
1626372860083000,1,17.05272479,11.3700
1626372885100000,1,16.85000000,11.3700
1626372885112000,1,0.00818297,11.3700
1626372976992000,1,16.62000000,11.4000
1626372977039000,1,0.00758763,11.4000
1626373225251000,1,16.24588115,11.4100
1626373948469000,1,16.05414324,11.4200
1626374058992000,1,15.87000000,11.4200
1626374059208000,1,0.00434325,11.4200
1626374428230000,1,8.17300000,11.4400
1626374479038000,1,15.65486786,11.4400
1626374799375000,0,74.84000000,11.4200
1626374799415000,0,0.00345531,11.4200
1626374860567000,1,12.98000000,11.4100
1626374860592000,1,0.00485970,11.4100
1626375009550000,1,12.81563369,11.4300
1626375009550000,1,32.03436631,11.4300
1626375066633000,0,72.50000000,11.4600
1626375066718000,0,2.13213037,11.4600
1626375066718000,0,154.40786963,11.4600
1626375066737000,0,32.13371079,11.4600
1626375149085000,0,74.35397746,11.5000
1626375149085000,0,80.37602254,11.5000
1626375149102000,0,105.55452607,11.5000
1626375155390000,1,19.87000000,11.5100
1626375157245000,1,10.60000000,11.5000
1626375168100000,1,19.42000000,11.5100
1626375297793000,1,19.32000000,11.5000
1626375407782000,0,32.11000000,11.4900
1626375407860000,0,42.27676071,11.4900
1626375600765000,1,18.07000000,11.4900
1626375600823000,1,0.00051365,11.4900
1626375624170000,1,17.83000000,11.5100
1626375624202000,1,0.00643721,11.5100
1626375706133000,1,17.31430716,11.4800
1626375706218000,1,0.35335321,11.4800
1626376001331000,1,17.49582222,11.4700
1626376019895000,0,14.72000000,11.4700
1626376019974000,0,59.77905376,11.4700
1626376103444000,1,18.13000000,11.4700
1626376103495000,1,0.00713365,11.4700
1626376348832000,1,17.95060209,11.4600
1626376795120000,1,17.56000000,11.5800
1626376798200000,1,17.55000000,11.5800
1626376807167000,1,16.98000000,11.5600
1626376830612000,1,16.84000000,11.5400
1626376860638000,1,16.72000000,11.5300
1626376860685000,1,0.00020542,11.5300
1626377103300000,1,15.60000000,11.4800
1626377185641000,0,74.46000000,11.4800
1626377185688000,0,0.00200469,11.4800
1626377325590000,1,25.40114302,11.4800
1626377360512000,1,25.09000000,11.4900
1626377360544000,1,0.00478460,11.4900
1626377460857000,1,24.82840885,11.4700
1626378106393000,1,15.10000000,11.4400
1626378270733000,1,22.64000000,11.4700
1626378728966000,1,20.53460550,11.4800
1626378735129000,1,14.80000000,11.4700
1626378735129000,1,20.32130655,11.4700
1626378752699000,1,20.32130655,11.4600
1626378765095000,1,89.88853208,11.4500
1626378765095000,1,14.80000000,11.4500
1626378765095000,1,19.21053786,11.4500
1626378779608000,1,19.01080605,11.4500
1626378791236000,1,18.79426154,11.4500
1626379002618000,1,17.67000000,11.4400
1626379002631000,1,0.00207207,11.4400
1626379145643000,0,74.69000000,11.4400
1626379145658000,0,0.00420170,11.4400
1626379249402000,1,18.29640477,11.4500
1626379334852000,1,18.07000000,11.4600
1626379334964000,1,0.00380444,11.4600
1626379816308000,1,17.84306177,11.4700
1626379878641000,1,17.74000000,11.4700
1626379878660000,1,0.00742716,11.4700
1626379967028000,0,74.49000000,11.4700
1626379967053000,0,0.00493050,11.4700
1626380441771000,1,18.14805157,11.4900
1626381316647000,0,91.18329517,11.5000
1626381316647000,0,74.30758513,11.5000
1626381601813000,0,74.34000000,11.4900
1626381601857000,0,0.00780907,11.4900
1626381654018000,1,98.30000000,11.4700
1626382927883000,0,6.08892763,11.4700
1626383183676000,0,88.46560656,11.4800
1626383357690000,1,18.20000000,11.4800
1626383357766000,1,0.00846182,11.4800
1626384854458000,1,28.47782000,11.4900
1626384857441000,1,16.44581291,11.4900
1626384857441000,1,17.97351618,11.4900
1626386384944000,1,11.78000000,11.4700
1626386391643000,1,18.26000000,11.4500
1626386694736000,1,17.91581117,11.4200
1626386729359000,1,17.70000000,11.4300
1626386729402000,1,0.00091012,11.4300
1626386765953000,1,17.69378914,11.4300
1626386765953000,1,43.73673024,11.4300
1626386765953000,1,113.67948062,11.4300
1626386766013000,1,0.00772072,11.4300
1626386858939000,1,14.15000000,11.4500
1626386858998000,1,0.00776970,11.4500
1626386897046000,1,13.98000000,11.4600
1626386897208000,1,0.00526448,11.4600
1626387010446000,0,186.06347054,11.4900
1626387010446000,0,74.39652946,11.4900
1626387010476000,0,0.00682008,11.4900
1626387059848000,1,16.72000000,11.4900
1626387059869000,1,0.00165411,11.4900
1626387090204000,0,74.34000000,11.4900
1626387090219000,0,0.00206257,11.4900
1626387220441000,1,8.76000000,11.4800
1626387313804000,0,3.87000000,11.4800
1626387313841000,0,70.55535956,11.4800
1626387793283000,1,18.10000000,11.4900
1626387826115000,1,17.91000000,11.4800
1626387826140000,1,0.00980945,11.4800
1626388022882000,1,17.70000000,11.4900
1626388022907000,1,0.00336761,11.4900
1626388677416000,1,10.42000000,11.4900
1626388677434000,1,7.12826149,11.4900
1626388992034000,0,46.61000000,11.4700
1626388992095000,0,27.87179277,11.4700
1626389120451000,1,18.25685564,11.4400
1626389169879000,1,18.08158750,11.4200
1626389191839000,1,18.10027435,11.4100
1626389403101000,0,37.97000000,11.3900
1626389403204000,0,8.21000000,11.3900
1626389552262000,1,18.22000000,11.4100
1626389552328000,1,0.00161063,11.4100
1626389686683000,1,18.05013520,11.3900
1626390111719000,1,17.72039755,11.4700
1626390476628000,0,74.86000000,11.4100
1626390476654000,0,0.00970009,11.4100
1626390925096000,1,18.42000000,11.4300
1626390925140000,1,0.00157487,11.4300
1626391144825000,1,18.15000000,11.4700
1626391144837000,1,0.00525934,11.4700
1626391153674000,1,18.15000000,11.4600
1626392414975000,1,17.74322269,11.3400
1626392488128000,0,2.09800000,11.3100
1626392491067000,0,75.54759626,11.3100
1626392491067000,0,188.86240374,11.3100
1626392491067000,0,0.00329710,11.3100
1626392499124000,0,10.92700000,11.3200
1626392571365000,1,20.60000000,11.2900
1626392571447000,1,0.00384672,11.2900
1626392888597000,1,20.35508110,11.3000
1626393283800000,1,130.80061981,11.2900
1626393283800000,1,50.31065562,11.2900
1626393283800000,1,20.12853688,11.2900
1626393485571000,0,97.32000000,11.3200
1626393578926000,1,14.04000000,11.3800
1626393579030000,1,85.12959072,11.3800
1626393579030000,1,20.80040928,11.3800
1626393579147000,1,0.00886915,11.3800
1626393617957000,1,51.37577316,11.3900
1626393617957000,1,133.58165483,11.3900
1626393617957000,1,20.54742491,11.3900
1626393708894000,1,18.20000000,11.4100
1626393708955000,1,0.00854682,11.4100
1626393731970000,1,117.34286926,11.3700
1626393804790000,0,39.61000000,11.3600
1626393804803000,0,6.87000000,11.3600
1626393804849000,0,28.74513191,11.3600
1626393920517000,1,17.11000000,11.2800
1626393920572000,1,0.00676049,11.2800
1626393941169000,0,75.78000000,11.2700
1626393941226000,0,0.00205728,11.2700
1626393967335000,1,17.75000000,11.3000
1626393967442000,1,0.00796710,11.3000
1626393967442000,1,44.38203290,11.3000
1626393967508000,1,0.00424296,11.3000
1626393974223000,0,75.58007422,11.3100
1626394033501000,0,75.70000000,11.2900
1626394033610000,0,0.00586048,11.2900
1626394037932000,1,18.77199577,11.2900
1626394333167000,1,18.41000000,11.3800
1626394333186000,1,0.00503031,11.3800
1626394478348000,1,18.12000000,11.4300
1626394638683000,1,17.19406922,11.4300
1626394639227000,1,0.35089937,11.4300
1626394684414000,1,17.00119462,11.4300
1626394684417000,1,0.34696316,11.4300
1626394784969000,1,12.19846091,11.4000
1626395135126000,0,74.97000000,11.3900
1626395135129000,0,0.00928101,11.3900
1626395738503000,1,17.95000000,11.3300
1626395738525000,1,0.00812776,11.3300
1626396418824000,1,17.99984071,11.2900
1626396557052000,1,17.84000000,11.2700
1626396557094000,1,0.00295594,11.2700
1626396558649000,0,75.76000000,11.2700
1626396558651000,0,0.00999735,11.2700
1626396820262000,1,18.39000000,11.3300
1626396820314000,1,0.00804240,11.3300
1626397648361000,1,19.82000000,11.4600
1626397648536000,1,0.00800488,11.4600
1626397651170000,1,19.85000000,11.4500
1626397651194000,1,0.00222969,11.4500
1626397834958000,1,45.86994174,11.4200
1626397834958000,1,18.35279294,11.4200
1626398491651000,1,20.09000000,11.4900
1626398491654000,1,0.00127611,11.4900
1626398678468000,1,12.34800000,11.4900
1626398678478000,1,7.51790047,11.4900
1626399519962000,1,18.78426784,11.5400
1626400529080000,1,18.20944918,11.5000
1626400935437000,1,17.95000000,11.5400
1626400935448000,1,0.00539970,11.5400
1626400965908000,1,5.20000000,11.5300
1626401157556000,1,17.62682410,11.5700
1626401166998000,0,73.79000000,11.5800
1626401167001000,0,0.00246398,11.5800
1626401292224000,1,3.09264510,11.6400
1626401292271000,1,15.06311521,11.6400
1626401508315000,1,17.87437555,11.6900
1626401738190000,1,17.71659871,11.6600
1626401738190000,1,44.28997760,11.6600
1626402015610000,0,73.19097427,11.6700
1626403596410000,1,17.88574581,11.6300
1626403596410000,1,32.92425419,11.6300
1626403596455000,1,11.79318540,11.6300
1626403754605000,0,73.32678520,11.6500
1626404405125000,0,14.60000000,11.6800
1626404495663000,1,17.35000000,11.7000
1626404495679000,1,0.00870058,11.7000
1626404878595000,0,73.02000000,11.6900
1626405172012000,1,17.61135281,11.7100
1626405346419000,1,17.38677956,11.7200
1626405378804000,1,17.21000000,11.7100
1626405378927000,1,0.00712818,11.7100
1626405425383000,1,17.04000000,11.7000
1626405425514000,1,0.00000962,11.7000
1626405459316000,1,16.84000000,11.7000
1626406772563000,1,16.63035090,11.7200
1626406772563000,1,41.55964910,11.7200
1626408054312000,0,72.85299963,11.7300
1626408056511000,0,72.71765437,11.7400
1626408084686000,1,17.50242255,11.7900
1626408086087000,1,17.51430129,11.7800
1626408159081000,1,117.96486527,11.7700
1626408159081000,1,18.34320203,11.7700
1626408226239000,0,72.48147648,11.7800
1626408226239000,0,181.09852352,11.7800
1626408226270000,0,0.00292648,11.7800
1626408623501000,1,19.03000000,11.7900
1626408623531000,1,0.00140896,11.7900
1626408867813000,1,18.87000000,11.7600
1626408919572000,1,71.59000000,11.7500
1626408938250000,1,46.69788422,11.7300
1626408938250000,1,18.67915369,11.7300
1626408938250000,1,121.54296209,11.7300
1626408938294000,1,0.00364947,11.7300
1626408979541000,1,16.59453588,11.7300
1626409005314000,1,16.41000000,11.7200
1626409005337000,1,0.00997626,11.7200
1626409069083000,0,72.86000000,11.7100
1626409069096000,0,0.00308277,11.7100
1626409559038000,1,17.09000000,11.6900
1626409598008000,0,73.06000000,11.6800
1626409598059000,0,0.00700607,11.6800
1626410066222000,0,90.41000000,11.7100
1626410086782000,1,17.70830807,11.7100
1626410086782000,1,36.41169193,11.7100
1626410841287000,1,19.90000000,11.7500
1626410841350000,1,0.00289172,11.7500
1626410948476000,1,88.97000000,11.7300
1626411114359000,1,19.30212631,11.7400
1626411114385000,1,0.39392095,11.7400
1626411646497000,0,92.70000000,11.7100
1626411646550000,0,0.00646513,11.7100
1626411721889000,1,19.50000000,11.7200
1626411721975000,1,0.00566573,11.7200
1626411911587000,1,97.18795504,11.7000
1626411911587000,1,19.31204496,11.7000
1626412202909000,0,97.11000000,11.6700
1626412551736000,1,19.15000000,11.6700
1626412551784000,1,0.00395887,11.6700
1626412569973000,1,90.92000000,11.6500
1626412653642000,1,18.99000000,11.6200
1626412884788000,1,18.77000000,11.6200
1626412884811000,1,0.00783347,11.6200
1626413242204000,1,18.58384506,11.6100
1626413486114000,1,17.84000000,11.6200
1626413532195000,1,17.62000000,11.6300
1626414268299000,1,17.52160224,11.5600
1626414307188000,0,96.15376021,11.5700
1626414647487000,1,17.37000000,11.5300
1626415569727000,1,17.17000000,11.5400
1626415569730000,1,0.00376384,11.5400
1626415979447000,1,39.69439106,11.4900
1626415979447000,1,15.87560894,11.4900
1626415979499000,1,0.00380441,11.4900
1626416207766000,1,38.12982830,11.4900
1626416207766000,1,15.25017170,11.4900
1626416383888000,1,77.80000000,11.4500
1626416383888000,1,14.65721328,11.4500
1626416383888000,1,1.03794550,11.4500
1626416384091000,1,35.20036017,11.4500
1626416384091000,1,37.05909500,11.4400
1626416384091000,1,94.21095574,11.4400
1626416385554000,1,14.51000000,11.4400
1626416435783000,0,74.56000000,11.4600
1626416435804000,0,0.00682063,11.4600
1626416561838000,0,74.53000000,11.4600
1626417239240000,1,3.36000000,11.4000
1626417239246000,1,11.10602103,11.4000
1626417242848000,0,45.22000000,11.4000
1626417242954000,0,29.71155044,11.4000
1626417569493000,0,75.05000000,11.3800
1626418181179000,0,75.29000000,11.3600
1626418181243000,0,0.00465222,11.3600
1626418214045000,0,75.17408530,11.3700
1626418214045000,0,134.31591470,11.3700
1626418478469000,1,38.72000000,11.3700
1626418478475000,1,52.94064185,11.3700
1626419300999000,1,94.69000000,11.4000
1626419301040000,1,0.00981869,11.4000
1626420777551000,0,100.51886328,11.3600
1626421452691000,1,18.29000000,11.3200
1626421452747000,1,0.00755989,11.3200
1626421670888000,1,18.02000000,11.3600
1626421670953000,1,0.00470299,11.3600
1626421783451000,1,17.84000000,11.3500
1626421783464000,1,0.00090989,11.3500
1626421915277000,0,73.82454776,11.3500
1626421915290000,0,1.50662342,11.3500
1626422100384000,1,18.48000000,11.3500
1626422100393000,1,0.00562441,11.3500
1626422421990000,1,18.19707317,11.4100
1626422435678000,1,17.78000000,11.4100
1626422435678000,1,0.00041683,11.4100
1626422479057000,1,91.65000000,11.4000
1626423153464000,0,10.85900000,11.2700
1626423494297000,1,97.70000000,11.2800
1626423494322000,1,0.00402357,11.2800
1626424492992000,0,11.01300000,11.2400
1626424522864000,0,5.07000000,11.2300
1626424527907000,0,7.93200000,11.2200
1626424533926000,0,5.99500000,11.2300
1626424546486000,0,11.02300000,11.2300
1626424598067000,0,75.88000000,11.2300
1626424855112000,0,6.64500000,11.1900
1626424873754000,0,11.03300000,11.1900
1626424929703000,1,18.70227309,11.1100
1626424929703000,1,46.79185182,11.1100
1626424930448000,1,18.73000000,11.1000
1626424947150000,0,69.84000000,11.1000
1626424947154000,0,6.85862808,11.1000
1626424955860000,1,16.00000000,11.0900
1626424955860000,1,18.96350588,11.0900
1626424955866000,1,0.00000001,11.0900
1626424966835000,1,18.75285520,11.0900
1626424966852000,1,0.00000001,11.0900
1626424975044000,0,5.63700000,11.1200
1626424978506000,1,15.40000000,11.0800
1626424978506000,1,18.55188172,11.0800
1626425044574000,0,98.74000000,11.1100
1626425044882000,0,5.64700000,11.1300
1626425055409000,0,11.14100000,11.1400
1626425102324000,1,93.11000000,11.1000
1626425119656000,1,98.68000000,11.0800
1626425238715000,1,52.81000000,11.0500
1626425440946000,0,102.32051480,11.0900
1626425490019000,0,94.97596980,11.1300
1626425516990000,1,72.13000000,11.1300
1626425676603000,1,18.23353718,11.1100
1626425676603000,1,45.58138161,11.1100
1626426207420000,1,18.29000000,11.1600
1626426226382000,0,6.80000000,11.2000
1626426232755000,0,94.53000000,11.2000
1626426232755000,0,0.00564644,11.2000
1626426338936000,1,18.07747368,11.1600
1626426435819000,1,3.92000000,11.1200
1626426436021000,1,89.61000000,11.1200
1626426436090000,1,0.00967646,11.1200
1626427026286000,0,62.10000000,11.0800
1626427043757000,0,60.30000000,11.1000
1626427049171000,0,97.25844896,11.1100
1626427083952000,1,95.02557139,11.1100
1626427083952000,1,21.42416778,11.1100
1626428120243000,1,13.00000000,11.0900
1626428233913000,1,21.19000000,11.1100
1626428233987000,1,0.00852068,11.1100
1626429033587000,0,102.15081420,11.1000
1626429408133000,1,7.35784000,11.1100
1626429446426000,1,3.13600000,11.1000
1626429603715000,1,98.02000000,11.0800
1626429603792000,1,0.00110814,11.0800
1626429789871000,1,52.26541374,11.0900
1626429789871000,1,20.89458626,11.0900
1626429895619000,1,20.05000000,11.1100
1626429895656000,1,0.00508438,11.1100
1626431357657000,0,100.65000000,11.0200
1626431572067000,1,96.42000000,11.0600
1626431572074000,1,0.00563082,11.0600
1626431700741000,1,98.36000000,11.0100
1626431700779000,1,0.00848954,11.0100
1626431909533000,0,28.27949183,11.0200
1626432105416000,0,71.86301730,11.0200
1626432155206000,0,99.08000000,11.0500
1626432188331000,1,18.80977523,11.0400
1626432419470000,1,97.07000000,11.1500
1626432419553000,1,0.00151712,11.1500
1626432445056000,1,16.10000000,11.1200
1626432445094000,1,2.38061690,11.1200
1626432836461000,0,2.71500000,11.0600
1626432940732000,0,94.50000000,11.0800
1626433050976000,0,77.10774791,11.0900
1626433072892000,1,18.95000000,11.1000
1626433092996000,1,101.35250231,11.0800
1626433092996000,1,18.77362391,11.0800
1626433095995000,1,18.79430045,11.0700
1626433136439000,1,18.38227928,11.0700
1626433372441000,0,77.47000000,11.0300
1626433372455000,0,0.00344635,11.0300
1626434384133000,0,100.01000000,11.0300
1626434384158000,0,0.00465075,11.0300
1626434476418000,1,99.06000000,11.0300
1626435917601000,0,9.80000000,11.0000
1626435944898000,0,99.48000000,11.0200
1626435999596000,1,18.81679813,11.0400
1626436249850000,1,33.75000000,11.0600
1626436249863000,1,62.62202015,11.0600
1626436249863000,1,18.57450184,11.0600
1626436250984000,1,18.57450184,11.0500
1626436826235000,1,18.46430992,10.9900
1626436826235000,1,46.14569008,10.9900
1626436826238000,1,0.00165051,10.9900
1626436827514000,1,18.48145943,10.9700
1626436827514000,1,46.20364858,10.9700
1626436875161000,0,193.95406133,11.0100
1626436875161000,0,77.56464215,11.0100
1626437162745000,1,96.34000000,11.0300
1626437162795000,1,0.00042487,11.0300
1626437168581000,1,19.73240126,11.0200
1626437276355000,1,19.45000000,11.0600
1626437276416000,1,0.00587218,11.0600
1626437283673000,1,19.23000000,11.0600
1626437446699000,1,18.72000000,11.1100
1626437446701000,1,0.00128029,11.1100
1626437486878000,1,18.56000000,11.0800
1626437486924000,1,0.00175879,11.0800
1626437576756000,1,18.38000000,11.0600
1626437576782000,1,0.00574480,11.0600
1626437776326000,1,16.00000000,11.0700
1626437776358000,1,2.16080864,11.0700
1626437783353000,0,39.48000000,11.0800
1626437783403000,0,54.13762852,11.0800
1626437786740000,1,7.25000000,11.0800
1626437786767000,1,10.68994897,11.0800
1626437975257000,0,25.50000000,11.1500
1626437975323000,0,7.43000000,11.1500
1626437975356000,0,464.76626860,11.1500
1626438060569000,1,23.16180732,11.1800
1626438155678000,1,93.65257920,11.1700
1626438348127000,1,13.17120000,11.1300
1626438348272000,1,7.71000000,11.1300
1626438597230000,1,19.57000000,11.1400
1626438937644000,1,19.39000000,11.1300
1626438937715000,1,0.00410611,11.1300
1626439044523000,1,19.22944633,11.0900
1626439350130000,1,19.08000000,11.0500
1626439454876000,1,18.91000000,11.0300
1626439454899000,1,0.00815503,11.0300
1626439549120000,1,18.72225613,11.0200
1626440011391000,0,97.35388404,11.0800
1626440080399000,1,100.13446013,11.1000
1626440080399000,1,119.30379166,11.1000
1626440080399000,1,45.89688147,11.1000
1626440080399000,1,18.35486674,11.1000
1626440080434000,1,0.00752164,11.1000
1626440088153000,1,16.31000000,11.1000
1626440088153000,1,0.00086069,11.1000
1626440167578000,0,96.00000000,11.1200
1626440195802000,0,100.93236670,11.1500
1626440195802000,0,76.67209085,11.1500
1626440205354000,1,17.76000000,11.1600
1626440205421000,1,0.00338027,11.1600
1626440235716000,1,98.88267099,11.1600
1626440263046000,1,92.40000000,11.1700
1626440263146000,1,0.00939567,11.1700
1626440286058000,0,96.77500177,11.1900
1626440286058000,0,76.39158943,11.1900
1626440298807000,0,76.28569260,11.2100
1626440372924000,0,76.27355830,11.2000
1626440448941000,0,75.77084319,11.2900
1626440467318000,0,75.50000000,11.3200
1626440505668000,1,16.62000000,11.3000
1626440505704000,1,0.00421860,11.3000
1626440597066000,0,75.52000000,11.3100
1626440641747000,0,75.59000000,11.3000
1626440669835000,1,98.35000000,11.2800
1626440814860000,1,18.06000000,11.2400
1626440814924000,1,0.00512094,11.2400
1626440821645000,0,75.99744241,11.2400
1626440821645000,0,190.03255759,11.2400
1626440821651000,0,0.00853056,11.2400
1626441113047000,1,51.51625845,11.2400
1626441525960000,1,8.54000000,11.2200
1626441684114000,1,19.47000000,11.2500
1626442197833000,1,18.94000000,11.3100
1626442197955000,1,0.00172075,11.3100
1626442232937000,1,18.71000000,11.3200
1626442242400000,1,18.30000000,11.3100
1626442242552000,1,0.00716397,11.3100
1626442394464000,1,18.25000000,11.3400
1626442549104000,1,18.10000000,11.3100
1626442549127000,1,0.00599282,11.3100
1626442646754000,0,75.62000000,11.3000
1626442646754000,0,0.00401853,11.3000
1626442646754000,0,75.61598147,11.3000
1626442646761000,0,19.13000000,11.3000
1626443522737000,1,19.93000000,11.2400
1626443522842000,1,0.00952058,11.2400
1626443550642000,1,19.71000000,11.2400
1626444019496000,1,19.23000000,11.2600
1626444019505000,1,0.00402626,11.2600
1626444207390000,1,19.12190691,11.2000
1626444207390000,1,47.80476728,11.2000
1626444311507000,1,18.35000000,11.2100
1626444311507000,1,0.00720275,11.2100
1626444394261000,1,18.11000000,11.2300
1626444394282000,1,0.00604599,11.2300
1626444722582000,1,17.69449448,11.2400
1626444825003000,0,2.80280000,11.2600
1626444825033000,0,91.28571687,11.2600
1626444884019000,0,76.00798472,11.2600
1626445247832000,1,18.07000000,11.2900
1626445299568000,1,94.32000000,11.2700
1626445299570000,1,13.95000000,11.2700
1626445299584000,1,7.94447032,11.2700
1626445299584000,1,44.69478445,11.2700
1626445299584000,1,17.88235164,11.2700
1626445503697000,0,76.11000000,11.2500
1626445503719000,0,0.00064364,11.2500
1626445550491000,0,74.37940777,11.2800
1626445857817000,1,95.98842400,11.2600
1626445976024000,1,46.20136109,11.2300
1626445976024000,1,17.94863891,11.2300
1626445976046000,1,0.53519417,11.2300
1626445982034000,0,76.23000000,11.2400
1626445982074000,0,0.00725090,11.2400
1626446210328000,0,96.68799500,11.2500
1626447226820000,0,15.30000000,11.2700
1626447299286000,0,189.92999580,11.2800
1626447299286000,0,75.96792654,11.2800
1626447299286000,0,77.74207766,11.2800
1626447299287000,0,343.64000000,11.2800
1626447299313000,0,72.26008020,11.2800
1626447405035000,1,25.58000000,11.2800
1626447538139000,1,25.26000000,11.2900
1626447538148000,1,0.00171391,11.2900
1626447588494000,1,97.43002056,11.2800
1626448284755000,0,94.17750197,11.2600
1626449216013000,0,96.65714337,11.3200
1626449216013000,0,15.90000000,11.3200
1626449216013000,0,93.45169055,11.3200
1626449772282000,1,95.88000000,11.3700
1626449772341000,1,0.00596293,11.3700
1626449946881000,0,15.30000000,11.3900
1626450403045000,0,15.80000000,11.4300
1626450403045000,0,71.19108391,11.4400
1626450492694000,0,15.50000000,11.4600
1626450493925000,1,20.30000000,11.4600
1626450493946000,1,0.00295954,11.4600
1626450516817000,1,20.09000000,11.4500
1626451337546000,1,19.30316097,11.5200
1626451384830000,1,18.45732629,11.5100
1626451384830000,1,46.12808744,11.5100
1626451391635000,1,91.70660954,11.5000
1626451391635000,1,18.46339046,11.5000
1626451391640000,1,0.00131491,11.5000
1626451411853000,0,11.14208038,11.5200
1626451430248000,0,98.20000000,11.5400
1626451430261000,0,0.00174895,11.5400
1626451567045000,1,95.19000000,11.5300
1626451567181000,1,0.00817023,11.5300
1626451595411000,1,25.14171404,11.5200
1626451890643000,1,15.70000000,11.4600
1626451960661000,1,25.05000000,11.4200
1626451960706000,1,0.00368328,11.4200
1626452105401000,1,61.98262171,11.4100
1626452105401000,1,24.79808593,11.4100
1626452309807000,1,23.63000000,11.5100
1626452340773000,1,23.34000000,11.5200
1626452462045000,1,23.12000000,11.5000
1626452462078000,1,0.00463481,11.5000
1626453264017000,1,22.50000000,11.5500
1626453505910000,1,22.25390503,11.5500
1626453628897000,1,21.79989505,11.5200
1626453628897000,1,54.51206816,11.5200
1626453628897000,1,141.74803679,11.5200
1626453628941000,1,0.00783977,11.5200
1626453827789000,1,18.93000000,11.5000
1626453827911000,1,0.00347027,11.5000
1626455090068000,1,18.30447921,11.5000
1626455852182000,1,18.14000000,11.4700
1626455852210000,1,0.00490122,11.4700
1626456567431000,1,17.41845216,11.4400
1626456567436000,1,0.35547862,11.4400
1626456801157000,1,17.58636119,11.4300
1626457588722000,1,17.91000000,11.4100
1626457588788000,1,0.00403867,11.4100
1626458720053000,1,18.13202527,11.4100
1626459044220000,0,100.59478792,11.3800
1626459251813000,0,37.13000000,11.3500
1626459299949000,1,18.23868833,11.3500
1626459866593000,1,18.01694373,11.3600
1626460713291000,1,18.23159965,11.4000
1626461416427000,1,6.38000000,11.4200
1626461624345000,1,17.97000000,11.3900
1626461624347000,1,0.00095200,11.3900
1626461652823000,0,156.25000000,11.4000
1626461652864000,0,12.34800000,11.4000
1626461901570000,1,17.73000000,11.4100
1626462604356000,0,75.01626776,11.4400
1626462604356000,0,187.55373224,11.4400
1626462604395000,0,0.00997215,11.4400
1626462676807000,1,12.61000000,11.4900
1626462676853000,1,7.69116217,11.4900
1626462700129000,1,13.57000000,11.4700
1626462700368000,1,82.63000000,11.4700
1626462809686000,1,21.62000000,11.4500
1626462809688000,1,73.45377335,11.4500
1626462809803000,1,95.07000000,11.4500
1626463529749000,1,20.09272613,11.4800
1626463866558000,1,19.97488726,11.4100
1626463979972000,1,19.81000000,11.3800
1626463980004000,1,0.00660743,11.3800
1626464120344000,1,19.61261411,11.3700
1626464399933000,1,19.42611204,11.3400
1626464507872000,1,19.17000000,11.3700
1626464507892000,1,0.00496614,11.3700
1626464513803000,1,18.95000000,11.3700
1626464513918000,1,0.00654026,11.3700
1626464539482000,1,95.86546884,11.3600
1626464790239000,1,18.59000000,11.3300
1626465146831000,1,18.39126765,11.3300
1626465146831000,1,11.76873235,11.3300
1626465146871000,1,34.20132203,11.3300
1626465370811000,0,75.62969479,11.3400
1626465397092000,1,529.46000000,11.3300
1626465636826000,0,7.02022867,11.3700
1626465785701000,1,21.33000000,11.4000
1626465785761000,1,0.00459727,11.4000
1626466515827000,1,21.20000000,11.3300
1626468162454000,1,19.65000000,11.3000
1626468162502000,1,0.00822013,11.3000
1626468346611000,1,19.40000000,11.3200
1626468358315000,1,18.96000000,11.3200
1626468358373000,1,0.00676503,11.3200
1626468374378000,1,18.96676503,11.3100
1626468681686000,1,18.82000000,11.2800
1626468768083000,1,18.63000000,11.2600
1626468768102000,1,0.00098555,11.2600
1626468768247000,1,46.06431738,11.2500
1626468768247000,1,23.99568262,11.2500
1626468768283000,1,95.78200245,11.2500
1626468768283000,1,18.44438365,11.2500
1626468768516000,1,10.33445515,11.2400
1626468782203000,0,76.32498549,11.2400
1626468787329000,0,76.26664962,11.2500
1626468790581000,0,76.26602643,11.2500
1626468790581000,0,190.65847092,11.2500
1626468800471000,1,23.85000000,11.2400
1626468845291000,0,16.00000000,11.2400
1626468850988000,0,15.20000000,11.2500
1626469120763000,1,20.57000000,11.2400
1626469120834000,1,0.00840434,11.2400
1626469130961000,1,20.59000000,11.2300
1626469205570000,1,20.14595804,11.2200
1626469322366000,1,19.72061716,11.2100
1626469322366000,1,49.28307856,11.2100
1626469999441000,1,564.00000000,11.2000
1626471859073000,1,620.00000000,11.2000
1626471879652000,1,478.00000000,11.1700
1626471914911000,0,100.94000000,11.1900
1626471965599000,1,94.93000000,11.2200
1626472076944000,0,99.92000000,11.2300
1626472139222000,1,102.12000000,11.2200
1626473082541000,0,76.58041174,11.2000
1626473089803000,1,41.69556454,11.2000
1626473089803000,1,16.68596723,11.2000
1626473140075000,0,76.54000000,11.2100
1626473140079000,0,0.00130889,11.2100
1626473162942000,0,76.51000000,11.2100
1626473162959000,0,0.00399271,11.2100
1626473720009000,0,95.55000000,11.2700
1626473761457000,1,96.89000000,11.2600
1626473761485000,1,0.00665152,11.2600
1626474895675000,1,33.63000000,11.1000
1626474895732000,1,0.00423423,11.1000
1626475043709000,1,366.00000000,11.1000
1626475530041000,0,16.30000000,11.0700
1626475555490000,1,18.22000000,11.0900
1626475555657000,1,0.00427976,11.0900
1626475561872000,1,18.22000000,11.0800
1626475634164000,1,17.81471149,11.0900
1626475634164000,1,44.52528851,11.0900
1626475634222000,1,0.00345964,11.0900
1626475882444000,1,17.12000000,11.0800
1626475882499000,1,0.00554594,11.0800
1626475978325000,1,16.96000000,11.0500
1626475998843000,1,16.80658040,11.0400
1626476215624000,1,3.13600000,11.0600
1626476248663000,1,8.19320967,11.0700
1626476290930000,1,9.80000000,11.0800
1626476405471000,1,16.05277124,11.0700
1626476436844000,1,15.89156231,11.0600
1626476706657000,0,99.18000000,11.1300
1626477648446000,1,100.21000000,11.1200
1626477993318000,1,1.86200000,11.1000
1626478002018000,1,0.03800000,11.1000
1626478038217000,0,1.82000000,11.1000
1626478088714000,1,18.83000000,11.0800
1626478088855000,1,0.00918096,11.0800
1626478166258000,0,1.90000000,11.0800
1626478473658000,1,1.90000000,11.0300
1626478493156000,1,17.32000000,11.0400
1626478493202000,1,0.00842589,11.0400
1626478567071000,0,102.40103068,11.0500
1626479128985000,1,17.02000000,11.1100
1626479128995000,1,0.00304870,11.1100
1626479157730000,1,16.81000000,11.1100
1626479157758000,1,0.00941672,11.1100
1626479312697000,1,16.67381298,11.0800
1626479460123000,1,16.47000000,11.1000
1626479506143000,1,16.28000000,11.1000
1626479506175000,1,0.00504788,11.1000
1626479538720000,1,16.29000000,11.0900
