timestamp ms,type,amount,price
1626480072024000,1,39.48794548,11.0500
1626480072024000,1,15.79832037,11.0500
1626480286515000,1,20.36000000,11.0900
1626480391638000,1,380.00000000,11.1900
1626480391638000,1,19.94000000,11.1900
1626480391675000,1,0.00121862,11.1900
1626480408216000,1,96.59000000,11.1700
1626480507332000,1,450.00000000,11.1300
1626480507332000,1,19.26194633,11.1300
1626480567840000,1,19.02000000,11.1400
1626480587870000,1,18.84829130,11.1200
1626480587870000,1,47.13849807,11.1200
1626480587870000,1,18.85321063,11.1200
1626480611316000,1,17.90000000,11.1200
1626480611350000,1,0.00796466,11.1200
1626480615352000,1,17.90796466,11.1100
1626480675431000,1,458.00000000,11.0500
1626480732353000,1,17.63361073,11.0400
1626480775449000,1,17.41972366,11.0500
1626480775449000,1,12.20027634,11.0500
1626480775476000,1,31.33642467,11.0500
1626480777755000,1,17.42000000,11.0400
1626480781588000,1,17.24000000,11.0300
1626480781647000,1,0.00149486,11.0300
1626480784207000,1,16.19000000,11.0200
1626480822233000,0,33.27000000,11.0300
1626480827201000,1,16.18724395,11.0300
1626480843316000,1,16.00000000,11.0300
1626480843321000,1,0.00689257,11.0300
1626480864916000,1,15.84000000,11.0200
1626480864948000,1,0.00375681,11.0200
1626481402928000,1,15.64078610,11.0300
1626481528437000,0,309.07000000,11.0900
1626481528484000,0,264.93000000,11.0900
1626481658134000,1,16.27000000,11.0800
1626481973004000,1,16.01601767,11.1300
1626481973004000,1,40.02853944,11.1300
1626482384659000,1,15.28000000,11.2100
1626482384660000,1,0.00156781,11.2100
1626482437735000,1,15.12000000,11.2000
1626482474119000,1,97.15528510,11.1900
1626482474119000,1,37.37839317,11.1900
1626482474119000,1,14.95349333,11.1900
1626483181029000,1,13.26000000,11.2100
1626483181086000,1,0.00048989,11.2100
1626483237668000,1,11.63000000,11.2500
1626483237738000,1,0.00805607,11.2500
1626483322998000,1,11.50000000,11.2600
1626483399500000,0,96.04000000,11.2800
1626483405738000,1,11.70047475,11.2700
1626483416692000,0,76.01168714,11.2800
1626483416692000,0,190.06831286,11.2800
1626483416764000,0,0.00826486,11.2800
1626483451024000,0,15.40000000,11.3400
1626483451024000,0,71.89151709,11.3400
1626483451044000,0,3.75469877,11.3400
1626483465264000,1,15.27916769,11.3800
1626483465264000,1,38.19083231,11.3800
1626483465264000,1,0.00574452,11.3800
1626483473634000,1,14.09718558,11.3600
1626483473634000,1,35.24281442,11.3600
1626483473747000,1,0.00573252,11.3600
1626483485412000,1,14.14000000,11.3600
1626483738592000,1,548.00000000,11.3200
1626483738592000,1,35.42558578,11.3200
1626483738592000,1,14.16441422,11.3200
1626483738613000,1,0.00807148,11.3200
1626483802645000,1,13.61000000,11.3300
1626483937835000,1,13.47000000,11.3100
1626483937985000,1,0.00240221,11.3100
1626483968036000,1,13.33000000,11.3100
1626483968088000,1,0.00247940,11.3100
1626484677256000,1,13.89000000,11.2300
1626484677298000,1,0.00368288,11.2300
1626485214127000,1,13.70000000,11.2600
1626485214169000,1,0.00123470,11.2600
1626485892656000,1,13.63000000,11.1800
1626485892669000,1,0.00400854,11.1800
1626486348057000,1,13.55000000,11.1300
1626486446217000,1,13.37000000,11.1500
1626486446240000,1,0.00397425,11.1500
1626486663070000,1,13.24000000,11.1200
1626486663080000,1,0.00844331,11.1200
1626487101916000,1,12.94000000,11.0600
1626487124185000,1,32.00000000,11.0700
1626487124185000,1,12.78249607,11.0700
1626487124185000,1,31.95624018,11.0700
1626487124185000,1,83.08719347,11.0700
1626487124187000,1,0.00000001,11.0700
1626487244443000,1,10.82000000,11.0400
1626487244515000,1,13.23000000,11.0400
1626487244516000,1,75.53686137,11.0400
1626487248316000,1,482.00000000,11.0300
1626487550376000,1,11.18272601,11.0100
1626487805754000,1,10.76000000,10.9900
1626487805804000,1,0.00111596,10.9900
1626487980066000,0,5.40000000,10.9900
1626488033865000,0,78.06000000,10.9800
1626488034053000,0,0.00788018,10.9800
1626488071616000,0,77.98618399,11.0000
1626488092483000,1,7.02000000,11.0000
1626488092559000,1,5.36043873,11.0000
1626488092559000,1,30.95109683,11.0000
1626488139503000,0,77.79000000,11.0200
1626488139510000,0,0.00655173,11.0200
1626488557509000,1,12.25000000,10.9800
1626488557515000,1,0.00771516,10.9800
1626488695631000,1,12.10875682,10.9900
1626489030684000,0,194.50543629,11.0300
1626489030684000,0,77.77456371,11.0300
1626489031783000,0,480.00000000,11.0400
1626489085575000,1,15.49000000,11.0700
1626489085609000,1,0.00587826,11.0700
1626489109035000,0,32.43000000,11.0600
1626489113017000,0,77.51000000,11.0600
1626489113104000,0,0.00526781,11.0600
1626489222008000,1,16.58000000,11.0500
1626489224803000,0,77.57000000,11.0500
1626489224879000,0,0.00587282,11.0500
1626489264438000,1,17.26761438,11.0500
1626489374835000,0,77.56000000,11.0500
1626489447917000,1,20.51697599,11.0500
1626489673709000,1,20.23000000,11.0800
1626489791981000,1,19.95000000,11.1100
1626489857706000,1,84.86000000,11.1000
1626490011256000,1,19.30000000,11.1000
1626490011257000,1,0.00374694,11.1000
1626490474658000,0,77.77000000,11.0300
1626490474658000,0,0.00293167,11.0300
1626490805986000,1,19.11960057,11.0100
1626491420001000,1,380.00000000,10.9900
1626491443907000,1,18.77000000,10.9600
1626491443933000,1,0.00407693,10.9600
1626491496091000,1,18.37838744,10.9600
1626491541815000,1,18.15435164,10.9700
1626491541815000,1,45.37564836,10.9700
1626491541848000,1,0.00195771,10.9700
1626491666353000,0,16.55000000,10.9700
1626491667444000,0,4.14000000,10.9700
1626491718455000,1,17.36000000,11.0100
1626491752223000,0,77.80000000,11.0200
1626491752232000,0,0.00265814,11.0200
1626491762648000,1,18.89000000,11.0300
1626491762735000,1,0.00925745,11.0300
1626492092519000,1,18.61738524,11.0700
1626492092519000,1,46.53757790,11.0700
1626492133144000,0,77.56000000,11.0500
1626492133151000,0,0.00821092,11.0500
1626492775168000,1,18.72000000,11.0900
1626493526957000,1,41.69000000,11.0600
1626493527014000,1,2.37119707,11.0600
1626493527014000,1,17.60984399,11.0600
1626493701822000,0,77.56000000,11.0500
1626493701883000,0,0.00400247,11.0500
1626493713343000,1,17.83000000,11.0500
1626493840632000,0,77.38000000,11.0800
1626493840642000,0,0.00595634,11.0800
1626494405473000,1,392.00000000,11.0200
1626494662548000,0,77.62000000,11.0400
1626494662576000,0,0.00216556,11.0400
1626494880745000,1,19.02000000,11.0100
1626494880763000,1,0.00485172,11.0100
1626494941811000,1,18.82821421,11.0000
1626495139847000,0,77.75000000,11.0300
1626495139848000,0,0.00124345,11.0300
1626495380479000,1,19.19000000,11.0500
1626496503633000,1,18.00471562,11.0600
1626496639977000,1,17.77000000,11.0900
1626496761349000,1,18.40000000,11.1100
1626496836994000,1,18.19952654,11.1000
1626497393538000,1,45.18413695,11.0500
1626497393538000,1,18.07725016,11.0500
1626497647041000,1,18.13000000,11.1200
1626498118790000,1,17.93501794,11.1100
1626498118790000,1,25.15498206,11.1100
1626498118791000,1,19.70999871,11.1100
1626499092798000,1,17.15000000,11.1700
1626499092808000,1,0.00033838,11.1700
1626499455593000,1,16.94000000,11.1800
1626499696170000,1,22.05000000,11.1900
1626499696255000,1,0.00761547,11.1900
1626502810968000,1,18.08000000,11.1900
1626502811046000,1,0.00071762,11.1900
1626503437355000,1,5.99000000,11.2100
1626503541423000,0,76.41113788,11.2200
1626503541423000,0,191.04847872,11.2200
1626503653635000,1,20.77000000,11.2100
1626503653674000,1,0.00442237,11.2100
1626504019605000,0,76.65625329,11.1900
1626504398643000,1,17.64000000,11.2000
1626504398645000,1,0.00643287,11.2000
1626504863415000,0,76.67986479,11.1800
1626505751900000,1,17.81435161,11.1500
1626505854398000,1,17.67425053,11.1200
1626505854398000,1,44.17574947,11.1200
1626505854419000,1,0.00193209,11.1200
1626506090681000,1,42.47796741,11.1100
1626506090681000,1,16.97203259,11.1100
1626506398966000,1,16.37132094,11.0700
1626506824817000,1,16.21000000,11.0500
1626506824891000,1,0.00682912,11.0500
1626506858695000,1,16.04756954,11.0500
1626507070921000,1,15.70335938,11.0400
1626507070921000,1,39.24664062,11.0400
1626507070971000,1,0.00251436,11.0400
1626507492581000,1,15.05000000,11.0600
1626508405547000,1,14.67000000,11.0400
1626508405603000,1,0.00973491,11.0400
1626508777905000,0,77.50000000,11.0600
1626508929454000,1,15.91000000,11.0400
1626508929463000,1,0.00571606,11.0400
1626509423849000,1,13.32000000,11.0000
1626509423907000,1,0.00324146,11.0000
1626509503475000,1,13.18000000,10.9900
1626509503497000,1,0.00364492,10.9900
1626509740551000,0,77.97912873,11.0000
1626509855350000,0,42.36000000,11.0000
1626509855430000,0,35.57629318,11.0000
1626509910594000,0,97.39000000,11.0600
1626509913955000,1,14.70574820,11.0500
1626509913955000,1,36.75905043,11.0500
1626509970925000,0,77.60045390,11.0500
1626509970925000,0,193.98954610,11.0500
1626509970948000,0,0.00136047,11.0500
1626510037751000,0,77.56000000,11.0500
1626510037752000,0,0.00149734,11.0500
1626510162630000,1,18.02000000,11.0700
1626510162660000,1,0.00747868,11.0700
1626510261697000,1,17.33000000,11.0200
1626510301442000,0,77.77000000,11.0200
1626510400093000,1,45.91298281,11.0200
1626510400093000,1,18.36701719,11.0200
1626510515646000,1,17.63000000,11.0400
1626510515764000,1,0.00021418,11.0400
1626510529295000,0,505.34147500,11.0400
1626510529295000,0,194.33836049,11.0400
1626510529295000,0,77.71016451,11.0400
1626510564127000,1,93.10000000,11.0300
1626511151063000,1,25.76000000,11.2100
1626511172404000,1,25.58000000,11.1600
1626511172422000,1,0.00138116,11.1600
1626511192037000,1,98.44000000,11.1800
1626511192206000,1,0.00758268,11.1800
1626511235227000,0,41.77000000,11.2700
1626511262968000,1,92.82000000,11.2900
1626511262989000,1,0.00476771,11.2900
1626511416858000,1,24.77717300,11.2700
1626511416858000,1,61.94282700,11.2700
1626511416866000,1,0.00055087,11.2700
1626511534794000,0,2.18926056,11.3600
1626511562963000,1,23.68000000,11.3200
1626511563030000,1,0.00487846,11.3200
1626511579010000,1,23.42000000,11.3100
1626512021396000,1,23.20000000,11.3000
1626512021429000,1,0.00258239,11.3000
1626512182727000,1,23.06000000,11.2400
1626512190507000,1,22.82000000,11.2300
1626512190621000,1,0.00194188,11.2300
1626512414023000,1,20.57935307,11.2200
1626512414099000,1,0.00000001,11.2200
1626512456316000,0,76.83000000,11.1600
1626512456319000,0,0.00003369,11.1600
1626512718901000,1,18.95000000,11.1700
1626512718911000,1,0.00638682,11.1700
1626513071549000,0,95.64000000,11.1900
1626513071604000,0,0.00100833,11.1900
1626513270276000,1,18.46000000,11.2400
1626513524632000,1,18.27000000,11.2300
1626513565018000,0,76.33044619,11.2300
1626513611862000,1,18.92000000,11.2300
1626513611905000,1,0.00723863,11.2300
1626513856945000,1,18.73000000,11.2200
1626513896968000,1,18.52000000,11.2200
1626513897005000,1,0.00388566,11.2200
1626514076060000,1,18.28220085,11.2300
1626514181218000,0,76.43996237,11.2100
1626514194841000,1,17.41094748,11.2100
1626514341351000,0,76.65836230,11.1800
1626514523072000,1,18.41000000,11.1500
1626514624861000,0,76.78457568,11.1600
1626514624861000,0,192.00542432,11.1600
1626514624880000,0,0.00086315,11.1600
1626514921211000,1,21.22000000,11.1600
1626515212923000,1,21.06000000,11.1200
1626515212946000,1,0.00299231,11.1200
1626515941213000,1,20.89929616,11.0800
1626515941213000,1,52.24729747,11.0800
1626516025827000,1,20.05000000,11.0900
1626516727248000,1,19.26000000,11.0300
1626516727252000,1,0.00029088,11.0300
1626516805814000,1,11.46000000,11.0200
1626516947543000,1,99.72000000,11.0200
1626516947559000,1,0.00810441,11.0200
1626517448925000,0,77.75000000,11.0200
1626517589187000,1,121.32654463,11.0000
1626517589187000,1,46.67265489,11.0000
1626517589187000,1,18.67080048,11.0000
1626517589216000,1,0.00131380,11.0000
1626517602507000,1,13.24733730,11.0000
1626517602507000,1,33.11834325,11.0000
1626517602507000,1,86.10431945,11.0000
1626517604294000,1,0.00549182,11.0000
1626517608652000,1,5.84000000,11.0000
1626517608761000,1,0.00264209,11.0000
1626517609850000,1,4.82000000,11.0000
1626517609862000,1,0.00612056,11.0000
1626517611239000,1,3.48000000,11.0000
1626517611239000,1,0.00665754,11.0000
1626517614285000,1,8.54158468,11.0000
1626517615094000,1,0.17431805,11.0000
1626517615094000,1,22.65568195,11.0000
1626517620307000,1,13.77000000,11.0000
1626517620355000,1,0.80087887,11.0000
1626517620355000,1,11.23912113,11.0000
1626517620372000,1,26.64516393,11.0000
1626517626030000,1,5.31000000,11.0000
1626517626083000,1,0.00642100,11.0000
1626517651346000,1,3.29939570,11.0000
1626517651346000,1,7.98060430,11.0000
1626517652422000,1,0.00550519,11.0000
1626517652422000,1,2.78582853,11.0000
1626517661834000,1,0.05696599,11.0000
1626517661834000,1,7.11303401,11.0000
1626517689503000,0,93.02000000,11.0200
1626517689600000,0,0.00300462,11.0200
1626517737061000,0,102.81000000,11.0300
1626517737075000,0,0.00721566,11.0300
1626518049303000,0,77.48000000,11.0600
1626518049363000,0,0.00488880,11.0600
1626518229655000,0,77.64035678,11.0400
1626518229655000,0,194.05964322,11.0400
1626518604851000,0,77.61000000,11.0400
1626518604876000,0,0.00695520,11.0400
1626519064549000,0,77.82754850,11.0100
1626519309779000,1,6.96504103,11.0000
1626519309781000,1,0.00000001,11.0000
1626519326577000,1,6.82853468,10.9600
1626519356795000,0,78.15000000,10.9700
1626519356825000,0,0.00851468,10.9700
1626519364630000,1,7.70000000,10.9700
1626519364647000,1,0.00683138,10.9700
1626519438478000,0,78.24000000,10.9500
1626519438511000,0,0.00935009,10.9500
1626519557404000,1,8.50626152,10.9600
1626519637059000,0,78.16227517,10.9700
1626519945998000,1,9.23469806,10.9600
1626519945998000,1,7.00898727,10.9600
1626519946097000,1,16.08617971,10.9600
1626520216375000,1,9.74960004,10.9700
1626520415982000,0,78.11017801,10.9700
1626520922374000,1,78.83316287,10.9400
1626520922374000,1,30.32678704,10.9400
1626520922374000,1,12.13005009,10.9400
1626520922414000,1,0.00332366,10.9400
1626522084240000,1,9.15000000,10.9900
1626522084241000,1,0.00380708,10.9900
1626522310276000,1,8.98582079,11.0100
1626522310276000,1,22.45417921,11.0100
1626522310303000,1,0.00547808,11.0100
1626522775050000,1,8.62000000,11.0100
1626522775050000,1,0.00721893,11.0100
1626522954610000,1,8.41124009,11.0400
1626523060582000,1,8.83000000,11.0100
1626523060604000,1,0.00683627,11.0100
1626523078162000,1,8.73691691,11.0000
1626523081791000,1,8.54000000,11.0000
1626523081841000,1,0.00840333,11.0000
1626523548567000,1,9.35000000,11.0000
1626524595914000,0,15.50000000,11.0400
1626524595956000,0,15.50000000,11.0400
1626524596039000,0,16.23000000,11.0400
1626524596150000,0,30.41117475,11.0400
1626524706968000,0,193.95852901,11.0600
1626524706968000,0,34.53147099,11.0600
1626524707064000,0,43.03649157,11.0600
1626524712617000,0,16.00000000,11.0700
1626524712617000,0,74.11743450,11.0700
1626524933729000,1,14.82000000,11.0600
1626524933736000,1,0.00912380,11.0600
1626524962783000,1,14.65458101,11.0600
1626525057589000,0,77.50000000,11.0600
1626525057601000,0,0.00997648,11.0600
1626525175433000,0,77.02000000,11.1400
1626525175512000,0,0.00406889,11.1400
1626525302694000,0,76.94000000,11.1400
1626525302712000,0,0.00479672,11.1400
1626525316522000,1,17.92000000,11.1500
1626525316580000,1,0.00058266,11.1500
1626525367761000,1,17.63888790,11.1900
1626525523049000,1,17.53000000,11.1400
1626525523186000,1,0.00515485,11.1400
1626525580614000,0,76.98211259,11.1400
1626525718423000,1,102.19000000,11.1100
1626525719493000,1,3.80700000,11.1000
1626526924422000,1,18.83000000,11.1000
1626527021605000,1,18.61566469,11.1000
1626527021605000,1,46.53433531,11.1000
1626527739184000,1,44.84000000,11.0600
1626527739273000,1,0.00102863,11.0600
1626527879683000,1,17.29000000,11.0300
1626527879718000,1,0.00768326,11.0300
1626528196750000,1,92.22417456,11.0300
1626528196750000,1,35.48599735,11.0300
1626528196750000,1,14.20725758,11.0300
1626528287983000,1,12.62000000,11.0200
1626528288039000,1,0.00925118,11.0200
1626528389170000,1,12.51000000,10.9900
1626528396241000,1,12.38370318,10.9900
1626528401774000,0,78.09597026,10.9800
1626528412488000,0,402.00000000,10.9800
1626528412488000,0,78.10000000,10.9800
1626528412533000,0,0.00593149,10.9800
1626528449795000,1,14.00000000,10.9800
1626528449825000,1,0.00953195,10.9800
1626528456956000,0,78.06000000,10.9800
1626528461697000,1,14.73000000,10.9800
1626528554144000,1,11.35000000,10.9800
1626528554159000,1,0.00623645,10.9800
1626528602075000,0,76.59204809,10.9700
1626528749538000,0,82.30000000,10.9700
1626528817634000,0,82.30000000,10.9900
1626528916382000,0,82.50000000,11.0000
1626528927062000,0,82.10000000,11.0100
1626529147804000,0,82.40000000,11.0000
1626529303976000,0,77.94469080,11.0000
1626529406575000,0,82.20000000,11.0100
1626529448525000,0,81.70000000,11.0400
1626529466609000,0,608.00000000,11.0800
1626529482980000,0,77.18000000,11.1100
1626529483007000,0,0.00742529,11.1100
1626529506227000,0,57.82034457,11.1200
1626529506233000,0,62.41265650,11.1200
1626529506238000,0,72.72169375,11.1200
1626529506238000,0,0.50627434,11.1200
1626529506333000,0,76.67698264,11.1200
1626529506419000,0,501.52122712,11.1300
1626529508943000,0,454.00000000,11.1800
1626529509495000,0,951.00000000,11.1900
1626529558333000,0,102.85000000,11.2200
1626529558397000,0,0.00196277,11.2200
1626529648124000,0,98.09000000,11.2100
1626529648143000,0,0.00083171,11.2100
1626529662335000,0,97.43119537,11.2100
1626529662340000,0,0.00000001,11.2100
1626529780489000,1,68.97000000,11.1400
1626529780997000,1,0.00305885,11.1400
1626529794294000,1,26.11000000,11.1200
1626529794466000,1,0.00149064,11.1200
1626529810398000,1,25.00991038,11.1300
1626529810456000,1,0.51040633,11.1300
1626529827748000,1,25.23000000,11.1300
1626529827798000,1,0.00270022,11.1300
1626530015437000,1,24.98784060,11.1100
1626530015437000,1,62.46215940,11.1100
1626530015496000,1,0.00761412,11.1100
1626530019617000,0,99.15451465,11.1200
1626530276949000,1,23.90000000,11.1500
1626530277012000,1,0.00332651,11.1500
1626530377328000,1,23.69447239,11.1300
1626530402796000,1,23.45190985,11.1200
1626530411161000,1,23.13683427,11.1400
1626530411161000,1,57.85563882,11.1400
1626530432931000,1,22.25141823,11.1300
1626530432931000,1,55.61858177,11.1300
1626530432951000,1,0.00196934,11.1300
1626530463676000,1,21.34000000,11.1500
1626530463710000,1,0.00043274,11.1500
1626530566862000,1,21.10000000,11.1500
1626530776293000,0,22.60000000,11.2000
1626530776293000,0,21.93571428,11.2000
1626530853809000,0,202.66611375,11.2200
1626530853812000,0,161.33388625,11.2200
1626530855709000,0,357.00000000,11.2600
1626530855709000,0,102.20128707,11.2600
1626530870858000,1,25.35461301,11.2700
1626530870858000,1,25.96329577,11.2700
1626530870858000,1,1.30388273,11.2700
1626530870928000,1,19.21855345,11.2700
1626530870928000,1,133.43107687,11.2700
1626530872090000,1,4.66500000,11.2600
1626530985145000,1,45.71939903,11.2100
1626530985145000,1,97.15613867,11.2100
1626530985145000,1,15.05511460,11.2100
1626530992839000,1,3.22307454,11.2100
1626530992839000,1,96.76237066,11.2000
1626530992839000,1,109.99468714,11.2000
1626530992839000,1,37.26240308,11.2000
1626531012221000,0,76.49431531,11.2100
1626531018808000,0,76.48612782,11.2200
1626531052761000,0,101.40139294,11.2500
1626531065924000,1,17.57000000,11.2400
1626531065959000,1,0.00398816,11.2400
1626531092863000,1,17.43000000,11.2000
1626531092902000,1,0.00906537,11.2000
1626531154496000,1,17.26243325,11.1900
1626531310592000,1,17.07000000,11.1900
1626531360726000,1,16.87522099,11.2000
1626531360726000,1,42.16477901,11.2000
1626531360757000,1,0.00821114,11.2000
1626531622059000,0,76.77467068,11.1700
1626531631347000,0,76.77000000,11.1700
1626531631360000,0,0.00329590,11.1700
1626531808987000,0,80.70000000,11.1600
1626532280949000,0,76.63133028,11.1900
1626532280949000,0,191.60559138,11.1900
1626532328312000,1,52.10638011,11.2100
1626532328312000,1,20.82361989,11.2100
1626532347855000,1,52.12962777,11.2000
1626532347855000,1,97.24322967,11.2000
1626532347855000,1,15.83378097,11.2000
1626532385999000,1,3.37000000,11.2000
1626532386010000,1,0.00156405,11.2000
1626532399480000,1,100.72000000,11.1900
1626532399524000,1,0.00604916,11.1900
1626532800875000,0,102.86117298,11.1800
1626532981178000,1,47.51027377,11.2000
1626532981178000,1,18.91972623,11.2000
1626532981186000,1,0.00559675,11.2000
1626533113016000,0,6.66000000,11.1800
1626533113038000,0,63.36000000,11.1800
1626533559208000,1,18.35026072,11.1800
1626533559208000,1,97.51026241,11.1700
1626533559208000,1,119.24018900,11.1700
1626533559208000,1,45.88221777,11.1700
1626533559443000,1,15.10546308,11.1700
1626533559650000,1,11.00000000,11.1600
1626533559653000,1,11.00000000,11.1600
1626533559670000,1,21.79328918,11.1600
1626533559828000,1,2.15222235,11.1600
1626533559828000,1,18.35026072,11.1600
1626533566899000,0,192.22846493,11.1600
1626533591832000,0,76.83000000,11.1600
1626533591854000,0,0.00348907,11.1600
1626533910337000,1,18.46000000,11.1500
1626533910459000,1,0.00326734,11.1500
1626534044394000,1,18.27521611,11.1400
1626534108986000,0,77.25692107,11.1000
1626534218199000,1,17.92000000,11.0800
1626534218255000,1,0.00712259,11.0800
1626534323354000,1,17.71000000,11.0900
1626534452690000,1,16.68000000,11.0700
1626534452706000,1,0.00019428,11.0700
1626534466856000,1,16.49000000,11.0700
1626534466893000,1,0.00491540,11.0700
1626534553406000,0,77.44761499,11.0800
1626534590959000,1,17.16197012,11.0800
1626534590959000,1,42.89802988,11.0800
1626534636854000,1,16.27000000,11.1000
1626534801131000,1,16.06008811,11.1200
1626534821991000,0,77.17000000,11.1100
1626534822015000,0,0.00935714,11.1100
1626534984526000,1,96.55000000,11.1000
1626534985274000,1,0.00715025,11.1000
1626535331775000,0,25.93000000,11.0800
1626535331827000,0,51.45240905,11.0800
1626535449787000,1,98.39880434,11.0700
1626535449787000,1,15.80000000,11.0700
1626535449787000,1,42.03383364,11.0700
1626535659429000,0,502.35621748,11.1000
1626535659429000,0,193.31319147,11.1000
1626535659429000,0,77.31132406,11.1000
1626535742669000,1,102.02000000,11.1200
1626535742757000,1,0.00113042,11.1200
1626535757924000,1,23.61668654,11.1100
1626535757924000,1,59.02267630,11.1100
1626535782654000,1,95.15000000,11.1000
1626535824103000,1,22.68000000,11.1100
1626535824114000,1,0.00639628,11.1100
1626536390627000,1,22.40813147,11.1200
1626536390627000,1,54.43795919,11.1200
1626536650948000,1,53.85406739,11.1100
1626536650948000,1,9.00593261,11.1100
1626536660939000,1,21.56000000,11.1000
1626536660958000,1,0.00838722,11.1000
1626536798450000,0,92.65388891,11.1400
1626536802003000,1,20.56000000,11.1400
1626536905238000,1,101.70818292,11.1200
1626536905238000,1,50.90210817,11.1200
1626536905238000,1,20.35970891,11.1200
1626536905247000,1,0.00113436,11.1200
1626537011919000,1,19.54000000,11.1300
1626537011920000,1,0.00652628,11.1300
1626537604438000,1,18.96000000,11.1600
1626537604453000,1,0.00917107,11.1600
1626537616390000,1,46.95167815,11.1100
1626537616390000,1,18.78067126,11.1100
1626537623439000,0,77.09000000,11.1300
1626537623470000,0,0.00516138,11.1300
1626537639647000,1,18.93000000,11.1300
1626537639865000,1,47.38037940,11.1200
1626537639865000,1,123.15962060,11.1200
1626537667291000,0,77.09000000,11.1300
1626537667317000,0,0.00516138,11.1300
1626537691208000,1,17.45983707,11.1300
1626537691208000,1,43.64096690,11.1300
1626537698873000,0,77.17000000,11.1100
1626537698927000,0,0.00952583,11.1100
1626537769623000,0,39.36000000,11.1200
1626537769644000,0,37.76179378,11.1200
1626537779486000,1,17.34000000,11.1200
1626537779525000,1,0.00393899,11.1200
1626537834451000,1,17.16082597,11.1100
1626537834451000,1,42.90206492,11.1100
1626537835561000,0,77.18000000,11.1100
1626538011024000,0,77.24000000,11.1000
1626538153963000,1,18.02000000,11.1100
1626538154104000,1,0.00891885,11.1100
1626538192107000,1,17.82317408,11.1100
1626538192107000,1,16.47424447,11.1100
1626538213020000,0,99.16000000,11.1200
1626538246499000,0,77.11430146,11.1200
1626538261237000,0,77.07000000,11.1300
1626538261240000,0,0.00410239,11.1300
1626538444837000,1,17.99471755,11.1600
1626538444837000,1,44.97528245,11.1600
1626538444860000,1,0.00183859,11.1600
1626538671809000,1,19.88000000,11.1800
1626538879991000,1,19.64238258,11.1900
1626539136797000,1,19.38775959,11.2100
1626539136797000,1,43.80224041,11.2100
1626539136808000,1,4.66024164,11.2100
1626539298073000,1,13.94000000,11.2200
1626539298096000,1,4.66737808,11.2200
1626539367113000,1,18.38000000,11.2300
1626539367122000,1,0.00129753,11.2300
1626539408198000,0,75.98000000,11.3000
1626539416401000,1,18.41000000,11.2900
1626539549506000,1,28.44000000,11.2700
1626539549552000,1,72.20391620,11.2700
1626539671294000,1,18.23000000,11.2800
1626539721993000,1,18.03433637,11.2700
1626539835355000,1,17.71000000,11.2700
1626539849054000,0,76.10000000,11.2700
1626539849059000,0,0.00508572,11.2700
1626540087802000,1,18.41000000,11.2400
1626540196628000,0,50.84000000,11.2300
1626540196644000,0,25.57673131,11.2300
1626540216809000,1,3.41274018,11.2200
1626540216869000,1,11.93609011,11.2200
1626540527897000,0,76.52566443,11.2100
1626540841676000,1,15.97277069,11.2000
1626540897841000,1,15.79000000,11.1900
1626541205840000,0,94.81000000,11.1900
1626541205863000,0,0.00467945,11.1900
1626541230744000,0,191.46885582,11.2100
1626541230744000,0,76.57111348,11.2100
1626541529023000,1,19.70167069,11.1700
1626541529023000,1,49.23039393,11.1700
1626542801409000,1,18.25000000,11.1900
1626544383404000,0,56.22000000,11.2000
1626544383452000,0,20.42639324,11.2000
1626544838649000,1,3.84000000,11.2100
1626544838670000,1,14.29606979,11.2100
1626545498624000,1,15.18000000,11.2300
1626545498626000,1,0.00014693,11.2300
1626545780227000,0,76.37000000,11.2300
1626545780266000,0,0.00545055,11.2300
1626545789574000,1,16.76154427,11.2200
1626546176879000,0,76.27000000,11.2500
1626546335771000,0,76.16317335,11.2700
1626546558383000,1,18.85351528,11.2900
1626546558383000,1,47.11626045,11.2900
1626547071009000,1,14.24000000,11.2700
1626547071021000,1,3.69826195,11.2700
1626547609030000,1,44.28486442,11.2300
1626547609030000,1,115.24688817,11.2300
1626547609030000,1,17.71824741,11.2300
1626547609052000,1,0.00010755,11.2300
1626547711492000,1,15.14000000,11.2200
1626547711569000,1,0.00291458,11.2200
1626547713627000,1,15.15000000,11.2100
1626547890466000,0,76.44377855,11.2300
1626547890920000,0,496.68877048,11.2400
1626547890920000,0,190.99036063,11.2400
1626547901077000,1,31.12857282,11.2200
1626547915021000,1,23.06533752,11.2200
1626548248754000,1,22.25000000,11.2400
1626548248792000,1,0.00552202,11.2400
1626548449504000,1,142.30127725,11.2900
1626548449504000,1,54.71093888,11.2900
1626548449504000,1,21.89212361,11.2900
1626548450485000,1,21.89212361,11.2800
1626548496043000,1,92.74000000,11.2600
1626548542968000,1,19.25000000,11.2600
1626548542984000,1,0.00019317,11.2600
1626548898540000,0,102.30000000,11.2800
1626548965053000,1,97.77000000,11.2600
1626548966297000,1,19.00000000,11.2500
1626548966347000,1,0.00385123,11.2500
1626549485851000,0,30.68000000,11.2600
1626549486100000,0,45.50000000,11.2600
1626549486119000,0,0.00483232,11.2600
1626550387022000,1,17.89000000,11.3000
1626550387048000,1,0.00843861,11.3000
1626550440896000,1,17.69000000,11.2900
1626550440924000,1,0.00862409,11.2900
1626550636677000,0,9.80000000,11.3000
1626550636698000,0,90.58187969,11.3000
1626550866469000,0,75.94684010,11.3000
1626550905190000,1,18.15000000,11.3000
1626550905210000,1,0.00685565,11.3000
1626551073998000,1,17.91893163,11.3200
1626551073998000,1,28.87106837,11.3200
1626551074011000,1,15.92309532,11.3200
1626551233726000,0,74.26246668,11.3300
1626551233808000,0,1.51556054,11.3300
1626551494633000,0,75.64000000,11.3500
1626551517204000,0,4.55193661,11.3600
1626551669596000,1,18.60072546,11.3400
1626552270856000,1,97.88000000,11.3400
1626552954056000,1,17.60000000,11.2600
1626553189210000,1,17.19000000,11.2700
1626553189213000,1,0.00834666,11.2700
1626553398727000,0,100.61749157,11.2800
1626553789312000,1,16.98553167,11.2800
1626554356387000,0,76.15369350,11.2600
1626555506837000,0,19.15000000,11.2300
1626555692397000,0,9.36000000,11.2100
1626555692407000,0,67.15258725,11.2100
1626556136771000,1,18.61161853,11.2100
1626556786234000,1,18.38000000,11.2200
1626556786383000,1,0.00745945,11.2200
1626557463175000,1,95.49000000,11.2300
1626557463199000,1,0.00421267,11.2300
1626558247957000,1,17.94000000,11.2400
1626558247960000,1,0.00467984,11.2400
1626559616814000,0,76.68045580,11.1900
1626559617498000,0,98.31000000,11.2000
1626559809340000,0,76.79981530,11.1700
1626559840991000,1,18.73847467,11.1600
1626559840991000,1,46.83152533,11.1600
1626559894168000,0,76.81000000,11.1700
1626559894189000,0,0.00093133,11.1700
1626559901707000,1,19.71000000,11.1700
1626559901732000,1,0.00278824,11.1700
1626560280046000,1,18.60000000,11.1800
1626560280127000,1,0.00935907,11.1800
1626560953361000,1,18.24000000,11.1500
1626560953504000,1,0.00260650,11.1500
1626560982715000,1,18.03000000,11.1500
1626561425175000,0,76.72000000,11.1800
1626561425193000,0,0.00240668,11.1800
1626561465665000,1,17.37676179,11.1800
1626561465665000,1,45.58323821,11.1800
1626561465705000,1,0.00919399,11.1800
1626562708136000,1,101.06231037,11.1900
1626563018935000,0,98.65000000,11.1900
1626563348360000,1,18.17044113,11.1800
1626563458125000,0,32.00000000,11.1900
1626563458194000,0,44.67365227,11.1900
1626564004911000,1,4.60000000,11.2300
1626564004940000,1,14.15020036,11.2300
1626564139282000,0,191.33222418,11.2200
1626564139282000,0,76.52604338,11.2200
1626564277945000,1,19.52000000,11.2000
1626564277947000,1,0.00464330,11.2000
1626564984905000,1,19.35228778,11.1700
1626565064596000,1,19.17000000,11.1400
1626565579582000,1,96.81000000,11.1700
1626565579602000,1,0.00464190,11.1700
1626566223455000,1,18.80454552,11.1700
1626566385281000,1,18.59000000,11.1700
1626566385301000,1,0.00261415,11.1700
1626566483851000,0,95.10000000,11.1900
1626566574643000,1,18.39000000,11.1600
1626566574644000,1,0.00987903,11.1600
1626566666175000,0,191.64849470,11.2000
1626566666175000,0,76.65150530,11.2000
1626566718666000,0,642.00000000,11.2300
1626566722166000,1,21.08727406,11.2300
1626566722166000,1,52.71272594,11.2300
1626566860527000,1,92.35703439,11.2400
1626566860527000,1,50.58296561,11.2400
1626566860585000,1,0.00621146,11.2400
1626567705933000,1,17.87000000,11.2900
1626567705981000,1,0.00138872,11.2900
1626567767503000,0,76.04717000,11.2800
1626567864044000,1,5.47000000,11.2800
1626567864104000,1,13.07092982,11.2800
1626568202615000,0,96.34943698,11.2900
1626568575559000,1,18.17000000,11.3500
1626568575622000,1,0.00026743,11.3500
1626568609050000,0,489.67690177,11.4000
1626568609050000,0,188.35743869,11.4000
1626568609050000,0,75.31383638,11.4000
1626568614394000,1,23.59000000,11.4000
1626568628340000,1,25.38000000,11.4000
1626568641049000,1,25.12000000,11.3800
1626568641088000,1,0.00244540,11.3800
1626568672935000,1,24.55000000,11.3900
1626568672949000,1,0.00378412,11.3900
1626568817064000,1,18.28000000,11.4100
1626568828240000,1,22.94312386,11.4200
1626568828250000,1,0.46822702,11.4200
1626568894439000,1,101.00000000,11.4000
1626568894454000,1,0.00817526,11.4000
1626569152775000,1,22.84000000,11.4400
1626569250261000,0,93.66000000,11.4500
1626569250352000,0,0.00533855,11.4500
1626569390313000,1,21.91000000,11.4500
1626569390335000,1,0.00606021,11.4500
1626569649516000,1,21.65000000,11.4700
1626569649703000,1,0.00039951,11.4700
1626569737024000,1,21.24000000,11.5400
1626569737084000,1,0.00008655,11.5400
1626569764772000,1,21.05000000,11.5100
1626569820074000,1,20.82000000,11.5100
1626569869926000,1,20.63717431,11.4800
1626570069796000,1,20.32000000,11.5300
1626570069812000,1,0.00220295,11.5300
1626570117632000,1,100.40177907,11.5100
1626570117632000,1,20.10822093,11.5100
1626570163901000,1,19.87180224,11.5200
1626570163901000,1,49.67864368,11.5200
1626570163902000,1,0.00000001,11.5200
1626570276875000,1,19.13000000,11.4900
1626570284889000,1,18.93000000,11.4900
1626570284913000,1,0.00725787,11.4900
1626570289680000,1,124.42165351,11.4800
1626570289680000,1,47.33078655,11.4800
1626570289680000,1,18.92755994,11.4800
1626570417714000,1,17.06773765,11.5100
1626570569927000,0,93.13562428,11.5300
1626570569927000,0,74.47070445,11.5300
1626570569927000,0,186.17041667,11.5300
1626570580565000,1,19.78286873,11.5200
1626570580565000,1,49.48713127,11.5200
1626570970809000,1,93.76209492,11.5400
1626571213657000,1,18.95000000,11.5600
1626571213747000,1,0.00377134,11.5600
1626571215762000,0,14.90000000,11.5700
1626571215762000,0,4.68692372,11.5800
1626571215768000,0,89.99124045,11.5800
1626571215768000,0,111.23097840,11.5800
1626571249731000,1,18.62561494,11.6000
1626571249731000,1,40.32438506,11.6000
1626571249788000,1,5.82208289,11.6000
1626571392600000,0,99.97447366,11.6300
1626571641216000,0,24.80000000,11.6300
1626571897061000,1,18.38000000,11.6700
1626571922535000,1,18.19000000,11.6700
1626571922537000,1,0.00060411,11.6700
1626571924295000,1,18.19000000,11.6600
1626571924361000,1,0.00060411,11.6600
1626572100588000,1,17.82723905,11.6300
1626572100588000,1,64.03276095,11.6300
1626572475729000,0,9.98000000,11.6100
1626572475802000,0,63.92747802,11.6100
1626573056140000,0,73.90992685,11.6100
1626573057484000,0,96.39357422,11.6200
1626573141850000,0,2.54700000,11.6200
1626573604569000,0,38.04000000,11.6300
1626573604596000,0,35.78727822,11.6300
1626575008028000,1,17.80000000,11.6000
1626575719484000,1,17.61000000,11.6100
1626577618950000,1,18.26000000,11.6000
1626578388298000,1,100.03481600,11.5800
1626578388298000,1,18.06518400,11.5800
1626578568352000,1,17.91000000,11.5500
1626578568385000,1,0.00473645,11.5500
1626580025191000,0,97.57584132,11.5200
1626580960204000,1,17.69000000,11.5700
1626580960242000,1,0.00403290,11.5700
1626582640563000,0,74.20000000,11.5600
1626582640610000,0,0.00461723,11.5600
1626585186712000,1,90.95000000,11.5200
1626585542759000,1,18.37000000,11.5400
1626585542787000,1,0.00924054,11.5400
1626588167192000,1,18.12124881,11.5700
1626588167192000,1,45.29875119,11.5700
1626588408853000,1,17.47000000,11.5200
1626588423414000,1,16.91000000,11.5000
1626588423523000,1,0.00460882,11.5000
1626588437685000,1,16.93000000,11.4900
1626588473904000,0,74.69000000,11.4900
1626588473911000,0,0.00301553,11.4900
1626588511431000,1,17.40000000,11.4900
1626588511498000,1,0.00202553,11.4900
1626588995338000,0,94.65000000,11.5000
1626588995365000,0,0.00962210,11.5000
1626589191053000,1,17.68000000,11.4800
1626589191083000,1,0.00280554,11.4800
1626589204350000,0,74.70846981,11.4900
1626589950132000,0,4.09887250,11.5300
1626590299583000,1,94.38000000,11.4800
1626590299623000,1,0.00480834,11.4800
1626590727447000,1,18.11000000,11.4800
1626590773908000,1,17.92000000,11.4700
1626590773929000,1,0.00931634,11.4700
1626590840336000,1,17.75000000,11.4600
1626590840348000,1,0.00775906,11.4600
1626590893659000,1,16.88000000,11.4300
1626590893729000,1,0.00029157,11.4300
1626590932443000,0,100.65000000,11.4500
1626590932603000,0,0.00409015,11.4500
1626591522276000,1,95.02000000,11.4300
1626591522293000,1,0.00183882,11.4300
1626591632065000,0,97.00000000,11.4500
1626591938416000,1,97.88000000,11.4400
1626591938426000,1,0.00960500,11.4400
1626592315047000,1,17.80224809,11.4500
1626592346035000,0,74.93000000,11.4500
1626592346112000,0,0.00655967,11.4500
1626592648482000,0,100.15878562,11.4600
1626593701525000,1,18.07018453,11.4600
1626594014349000,1,75.82000000,11.4400
1626594014465000,1,22.36054162,11.4400
1626594172046000,1,18.07000000,11.4300
1626594172076000,1,0.00747183,11.4300
1626594455684000,0,97.77000000,11.4400
1626594575751000,1,90.90000000,11.4700
1626594971124000,0,22.99000000,11.4200
1626594971171000,0,52.09493070,11.4200
1626597951411000,1,18.26000000,11.4200
1626598054151000,1,18.06268279,11.4200
1626598278389000,1,17.82728616,11.4400
1626598805966000,1,18.05768676,11.4300
1626599070332000,0,97.97950721,11.4300
1626599070332000,0,64.16049279,11.4300
1626599070334000,0,10.85457106,11.4300
1626599292805000,1,92.80931520,11.4200
1626599527539000,0,94.30000000,11.4700
1626599724010000,1,84.69000000,11.4500
1626599724091000,1,8.00488583,11.4500
1626601193391000,0,97.97000000,11.4700
1626601193434000,0,0.00610004,11.4700
1626601617245000,1,18.28806114,11.5600
1626601724748000,1,36.94600000,11.5400
1626601724809000,1,56.39026015,11.5400
1626602600309000,1,15.50000000,11.4300
1626602959955000,1,4.08000000,11.4300
1626602959996000,1,40.64618459,11.4300
1626602959996000,1,17.87890092,11.4300
1626603075374000,0,75.06518415,11.4200
1626604033078000,1,17.64850811,11.4800
1626604846128000,0,15.10000000,11.4500
1626605084869000,0,98.25000000,11.4600
1626605148910000,0,54.24000000,11.4600
1626605148958000,0,20.56774039,11.4600
1626605148958000,0,187.06191142,11.4600
1626605149073000,0,486.26647586,11.4700
1626605149073000,0,186.99007982,11.4700
1626605163888000,1,27.87579598,11.4800
1626605758674000,1,67.88392244,11.5100
1626605758674000,1,27.16134637,11.5100
1626605759343000,1,11.00000000,11.4900
1626605790933000,1,95.64000000,11.4700
1626605791268000,1,0.00912387,11.4700
1626605938299000,0,99.90000000,11.5000
1626606001599000,1,26.01000000,11.5000
1626606111240000,1,95.91000000,11.4800
1626606111284000,1,0.00304991,11.4800
1626606371537000,0,16.98634000,11.5000
1626607133069000,1,55.75152813,11.4900
1626607133069000,1,22.28432055,11.4900
1626607133069000,1,144.90604395,11.4900
1626607133434000,1,22.29284969,11.4700
1626607133434000,1,21.26715031,11.4700
1626607134399000,1,22.29284969,11.4600
1626607175223000,1,19.09000000,11.4600
1626607175276000,1,0.00696723,11.4600
1626607494917000,1,18.84241349,11.4900
1626607494917000,1,47.08758651,11.4900
1626607494950000,1,0.00942935,11.4900
1626609376388000,1,14.19000000,11.5200
1626609376396000,1,0.00364845,11.5200
1626609453573000,0,98.90000000,11.5200
1626609824162000,1,42.29000000,11.5500
1626610338156000,1,16.54000000,11.5200
1626610338205000,1,0.00449671,11.5200
1626610665147000,1,16.40000000,11.4900
1626610665220000,1,0.00478454,11.4900
1626610815874000,1,16.22000000,11.4800
1626610820359000,1,16.23000000,11.4700
1626610820397000,1,0.00572997,11.4700
1626610868267000,0,74.65533498,11.4800
1626611084748000,0,74.70360362,11.4700
1626611300968000,0,74.61841899,11.4900
1626611728003000,1,18.13718012,11.5200
1626612078939000,1,17.94000000,11.5100
1626612454311000,1,92.85065976,11.5200
1626612454311000,1,17.70934024,11.5200
1626612547208000,1,20.17000000,11.5300
1626612547293000,1,0.00248478,11.5300
1626613210545000,1,20.01000000,11.4800
1626613828991000,1,19.03000000,11.4800
1626613829037000,1,0.00147538,11.4800
1626614905003000,1,17.76181198,11.4200
1626614905004000,1,0.00000001,11.4200
1626615354428000,1,17.56000000,11.4200
1626615354537000,1,0.00042498,11.4200
1626615756494000,0,75.21000000,11.3900
1626615756586000,0,0.00903929,11.3900
1626616806682000,1,18.10000000,11.3500
1626616806951000,1,4.55193661,11.3400
1626616826800000,0,15.90000000,11.3600
1626616826801000,0,15.90000000,11.3600
1626616826804000,0,15.90000000,11.3600
1626616826999000,0,27.72009698,11.3600
1626618217635000,1,43.08386224,11.3900
1626618217635000,1,17.22613776,11.3900
1626618217641000,1,0.00740714,11.3900
1626618618274000,1,16.38972895,11.3800
1626619080225000,1,3.39000000,11.3400
1626619080486000,1,11.55000000,11.3400
1626619111357000,1,35.10208234,11.3300
1626619111357000,1,14.04083293,11.3300
1626619111359000,1,0.00000001,11.3300
1626619111794000,1,91.26439922,11.3200
1626619111894000,1,35.08846128,11.3200
1626619111894000,1,14.03538451,11.3200
1626619138330000,0,2.98392300,11.2800
1626619176026000,1,11.11000000,11.2500
1626619176048000,1,0.00067963,11.2500
1626619214195000,1,10.98921073,11.2500
1626619214195000,1,27.46078927,11.2500
1626619219138000,1,10.98921073,11.2400
1626619223806000,1,9.14939418,11.2300
1626619223806000,1,22.87348546,11.2300
1626619223806000,1,1.18869591,11.2300
1626619223850000,1,53.92313549,11.2300
1626619223850000,1,4.35971485,11.2300
1626619227155000,0,5.69300000,11.2300
1626619244740000,0,76.30206361,11.2300
1626619268747000,1,8.55498014,11.1800
1626619268747000,1,21.38248132,11.1700
1626619268747000,1,55.59458781,11.1700
1626619303067000,1,98.88642014,11.0700
1626619379074000,0,500.00000000,11.1300
1626619796936000,0,77.18544931,11.1100
1626619797531000,0,4.67400000,11.1300
1626620433092000,0,77.39000000,11.0700
1626620433143000,0,0.00993984,11.0700
1626620437512000,0,77.33000000,11.0800
1626620437519000,0,0.00845475,11.0800
1626620441524000,0,134.55000000,11.1000
1626620441550000,0,58.60090104,11.1000
1626620441550000,0,77.24919608,11.1000
1626620520018000,0,77.05000000,11.1300
1626620520031000,0,0.00657419,11.1300
1626620524923000,0,17.59000000,11.1300
1626620549701000,0,76.98000000,11.1300
1626620549797000,0,0.00827434,11.1300
1626623777485000,0,77.33667399,11.0800
1626623817211000,0,77.45691179,11.0700
1626624330801000,0,193.89651466,11.0600
1626624330801000,0,77.53754892,11.0600
1626624564875000,1,101.78556565,11.0900
1626626991977000,0,77.02000000,11.1400
1626627148412000,0,77.07000000,11.1200
1626627148544000,0,0.00786271,11.1200
1626631178796000,0,76.31812359,11.2400
1626631309371000,1,46.19777749,11.2900
1626631309371000,1,18.48222251,11.2900
1626631309405000,1,0.00146795,11.2900
1626631342811000,1,17.78665753,11.2700
1626631342811000,1,5.16334247,11.2700
1626631342852000,1,39.33012510,11.2700
1626631472701000,1,17.00000000,11.2800
1626631472807000,1,0.00248963,11.2800
1626631713033000,0,10.93000000,11.2900
1626631713038000,0,65.02203586,11.2900
1626631754370000,0,75.74636414,11.3300
1626631778674000,1,18.43000000,11.3300
1626631856098000,1,17.50861555,11.3200
1626632299990000,0,75.61033995,11.3500
1626632307983000,0,489.85404877,11.3900
1626632307983000,0,188.39841009,11.3900
1626632307983000,0,75.34078880,11.3900
1626632317275000,0,11.00000000,11.4400
1626632323016000,1,25.65000000,11.4400
1626632323756000,1,460.00000000,11.4300
1626632358945000,1,63.74303850,11.3800
1626632358945000,1,0.02696150,11.3800
1626632358975000,1,25.47420414,11.3800
1626632368390000,1,23.47324410,11.3800
1626632368390000,1,58.70675590,11.3800
1626632368401000,1,0.00836599,11.3800
1626632377272000,1,23.56000000,11.3900
1626632377301000,1,0.00740493,11.3900
1626632434048000,1,23.30267131,11.3900
1626632467001000,1,57.70260110,11.3600
1626632467001000,1,23.06682069,11.3600
1626632575406000,1,22.21000000,11.3500
1626632575425000,1,0.00489427,11.3500
1626634557841000,0,75.75000000,11.3200
1626634557870000,0,0.00770694,11.3200
1626634668618000,0,75.75523937,11.3200
1626635736399000,0,7.54600000,11.3000
1626635745145000,0,4.83421064,11.3000
1626636145036000,0,79.20000000,11.3300
1626636165859000,1,19.63000000,11.3200
1626636409000000,1,19.40000000,11.3300
1626636409075000,1,0.00821560,11.3300
1626636531580000,1,19.21000000,11.3200
1626636531600000,1,0.00089554,11.3200
1626636848554000,1,18.56000000,11.3100
1626637200422000,1,17.56000000,11.3000
1626637200430000,1,0.00338404,11.3000
1626637511581000,0,74.59416702,11.2700
1626637511608000,0,1.52232994,11.2700
1626638401193000,1,11.87055690,11.2500
1626638401193000,1,96.47038013,11.2400
1626638401193000,1,77.13329206,11.2400
1626638401193000,1,29.66577091,11.2400
1626638401259000,1,0.00692894,11.2400
1626638402200000,1,96.50000000,11.2400
1626638402208000,1,0.00306687,11.2400
1626638402803000,1,96.54000000,11.2300
1626638403201000,1,96.50000000,11.2400
1626638404238000,1,0.00306687,11.2400
1626638404238000,1,0.00458355,11.2300
1626638404238000,1,96.64234958,11.2300
1626638405404000,1,0.00331537,11.2300
1626638405404000,1,96.49668463,11.2300
1626638465196000,0,80.60000000,11.2300
1626638465196000,0,16.36180777,11.2300
1626638527162000,0,80.30000000,11.2400
1626638536618000,1,96.86000000,11.2400
1626638536687000,1,0.00613706,11.2400
1626638541530000,1,96.85000000,11.2400
1626638541602000,1,0.00259272,11.2400
1626638703422000,0,76.49000000,11.2000
1626638703430000,0,0.00231649,11.2000
1626639097594000,1,96.64000000,11.2600
1626639097648000,1,0.00886508,11.2600
1626639415036000,1,12.41591945,11.2500
1626639415036000,1,66.43408055,11.2500
1626639535769000,1,12.81000000,11.2500
1626639535822000,1,0.00759787,11.2500
1626640089362000,0,76.36000000,11.2200
1626640089381000,0,0.00344324,11.2200
1626641354731000,1,13.53000000,11.2500
1626641354768000,1,0.00025108,11.2500
1626641531957000,0,76.01000000,11.2800
1626641531972000,0,0.00176772,11.2800
1626641769127000,1,14.21000000,11.2700
1626641769199000,1,0.00001300,11.2700
1626641878401000,0,48.17000000,11.2600
1626642063045000,1,14.65000000,11.2200
1626642131875000,0,69.45000000,11.2300
1626642311712000,0,76.25000000,11.2400
1626642311725000,0,0.00800944,11.2400
1626642319415000,1,15.92000000,11.2500
1626642437091000,1,15.71000000,11.2700
1626643411594000,1,15.15833237,11.2900
1626643552382000,1,52.02000000,11.2900
1626644922738000,0,57.89730962,11.3000
1626644922738000,0,9.93269038,11.3000
1626644924146000,0,97.36830602,11.3200
1626644928472000,0,61.79506040,11.3400
1626644928559000,0,13.67795722,11.3400
1626644928675000,0,0.22527452,11.3400
1626644957440000,1,16.05071656,11.3800
1626644957440000,1,40.12679139,11.3800
1626644958702000,0,68.63000000,11.3900
1626644958742000,0,0.00009587,11.3900
1626644968595000,1,15.10000000,11.3500
1626644972007000,0,69.74635594,11.3500
1626644972007000,0,15.49364406,11.3500
1626644992075000,0,67.62813777,11.3700
1626645000586000,1,15.87000000,11.3700
1626645000600000,1,0.00124848,11.3700
1626645025065000,0,62.40632463,11.3800
1626645025065000,0,155.88486209,11.3800
1626645025106000,0,405.27553900,11.3900
1626645025434000,0,155.85000000,11.3900
1626645025458000,0,0.00993115,11.3900
1626645025458000,0,62.40632463,11.3900
1626645026712000,0,94.67000000,11.4100
1626645053189000,1,66.39592802,11.4500
1626645053189000,1,172.62572033,11.4500
1626645053189000,1,26.54835165,11.4500
1626645060833000,1,23.60090760,11.4400
1626645060833000,1,59.00909240,11.4400
1626645062227000,1,23.60000000,11.4300
1626645093078000,1,22.38739000,11.4500
1626645259140000,1,98.26886301,11.4300
1626645286187000,1,98.20000000,11.4200
1626645286281000,1,0.00490130,11.4200
1626645527653000,0,98.69000000,11.4200
1626645527660000,0,0.00079839,11.4200
1626645897175000,1,19.19073129,11.4300
1626645897175000,1,47.96926871,11.4300
1626645897234000,1,0.00420214,11.4300
1626645915937000,1,44.14518298,11.4300
1626645915937000,1,17.66733523,11.4300
1626645915937000,1,119.79180817,11.4300
1626645920854000,0,6.44000000,11.4400
1626645955100000,0,74.97000000,11.4400
1626646234093000,0,75.15000000,11.4200
1626646234111000,0,0.00172755,11.4200
1626646468846000,0,75.48053825,11.3700
1626646468846000,0,84.06035884,11.3700
1626646657999000,1,16.77645897,11.3000
1626646658000000,1,0.00000001,11.3000
1626646663628000,1,16.62000000,11.2700
1626646663646000,1,0.00450219,11.2700
1626646664629000,1,16.63984743,11.2600
1626646673013000,0,190.68989141,11.2500
1626646695680000,1,17.97000000,11.2500
1626646724843000,1,15.77651749,11.2500
1626646724843000,1,39.44129373,11.2500
1626646724843000,1,70.14218878,11.2500
1626646724870000,1,6.65399530,11.2500
1626646724896000,1,15.09620654,11.2500
1626646724898000,1,10.64141330,11.2500
1626646747405000,0,68.20000000,11.2500
1626646747416000,0,8.11611406,11.2500
1626646754805000,1,15.45122495,11.2600
1626646770055000,0,76.32000000,11.2400
1626646836723000,1,16.98000000,11.2600
1626646836733000,1,0.00859086,11.2600
1626646866380000,1,16.81000000,11.2500
1626646866440000,1,0.00089595,11.2500
1626647021592000,0,76.51775592,11.2200
1626647034850000,1,13.64816878,11.2200
1626647034850000,1,34.11183122,11.2200
1626647043181000,0,191.14439825,11.2300
1626647043181000,0,76.43729991,11.2300
1626647049392000,1,27.64577402,11.2200
1626647049393000,1,12.21761889,11.2200
1626647049400000,1,20.28772778,11.2200
1626647049410000,1,44.50388587,11.2200
1626647049410000,1,40.25078784,11.2200
1626647049410000,1,16.11293294,11.2200
1626647049821000,1,16.12930816,11.2100
1626647049821000,1,12.31331653,11.2100
1626647049887000,1,27.93747131,11.2100
1626647049887000,1,104.65500656,11.2100
1626647050291000,1,16.12930816,11.1900
1626647050291000,1,40.25078784,11.1900
1626647050291000,1,104.64990400,11.1900
1626647064889000,1,10.72000000,11.1900
1626647064960000,1,0.00473794,11.1900
1626647075121000,1,10.59932650,11.1900
1626647075121000,1,26.49067350,11.1900
1626647252841000,0,76.68000000,11.1900
1626647408905000,0,75.07384812,11.2000
1626647408963000,0,1.53211935,11.2000
1626647786448000,1,67.25375810,11.2100
1626647786448000,1,17.27624190,11.2100
1626647786463000,1,8.59761503,11.2100
1626647786463000,1,10.35046529,11.2100
1626647787681000,1,99.29000000,11.2000
1626647849867000,0,73.69000000,11.1900
1626648128366000,0,75.13986168,11.1900
1626648172511000,0,76.68000000,11.1900
1626648172517000,0,0.00292218,11.1900
1626648257118000,1,12.41026684,11.1800
1626648257118000,1,31.03973316,11.1800
1626648257118000,1,0.00590896,11.1800
1626648260153000,1,12.42447842,11.1700
1626648289386000,1,11.79252679,11.1800
1626648328746000,0,76.72000000,11.1900
1626648328779000,0,0.00410481,11.1900
1626648417359000,1,11.00300391,11.1800
1626648474361000,1,10.87891086,11.1900
1626648600413000,1,10.77479299,11.1700
1626648739114000,1,13.68000000,11.1700
1626649063160000,0,47.30000000,11.1800
1626649063186000,0,29.45879579,11.1800
1626649441437000,0,14.01100000,11.2100
1626649451257000,0,58.87000000,11.2100
1626649483852000,1,15.86060769,11.2100
1626649543455000,1,15.74510852,11.2000
1626650508442000,1,31.71000000,11.2300
1626650508456000,1,63.79054213,11.2300
1626650727430000,1,20.76000000,11.2100
1626650727450000,1,0.00644637,11.2100
1626650740324000,1,20.53000000,11.2200
1626651666634000,1,9.18000000,11.2800
1626651666673000,1,10.56039706,11.2800
1626651860639000,1,19.04000000,11.2900
1626652465740000,0,17.89000000,11.2900
1626652560169000,1,17.57476682,11.2800
1626652575331000,0,76.16025498,11.2700
