timestamp ms,type,amount,price
1626739227941000,1,18.98000000,10.6200
1626739227966000,1,0.00491744,10.6200
1626739227966000,1,18.97508256,10.6200
1626739233507000,1,19.00780764,10.6100
1626739245419000,0,81.32082947,10.6100
1626739245419000,0,203.42509848,10.6100
1626739305159000,1,21.53721240,10.6300
1626739305159000,1,53.83278760,10.6300
1626739305329000,1,0.00112863,10.6300
1626739336482000,1,20.75000000,10.5900
1626739336583000,1,0.00598990,10.5900
1626739350603000,1,19.93064975,10.6000
1626739350603000,1,49.81935025,10.6000
1626739494826000,0,81.57552984,10.5800
1626739648649000,0,447.00000000,10.6200
1626739674941000,1,18.64000000,10.6200
1626739675006000,1,0.00490594,10.6200
1626739718275000,1,18.45000000,10.6000
1626739718348000,1,0.00354763,10.6000
1626739843982000,0,81.50403342,10.6000
1626739898000000,0,28.30000000,10.6200
1626739898021000,0,28.30000000,10.6200
1626740086474000,1,49.02926333,10.7100
1626740086474000,1,19.61073667,10.7100
1626740086488000,1,0.00096866,10.7100
1626740109111000,0,13.38000000,10.7000
1626740109129000,0,67.29047794,10.7000
1626740127429000,1,19.41000000,10.7200
1626740127471000,1,0.00365877,10.7200
1626740200721000,1,19.08555927,10.7800
1626740260458000,1,19.73000000,10.7900
1626740260502000,1,0.00630586,10.7900
1626740273913000,1,19.33663673,10.7700
1626740273913000,1,48.33336327,10.7700
1626740273936000,1,0.00642176,10.7700
1626740275386000,1,19.35315321,10.7600
1626740275386000,1,48.38288302,10.7600
1626740285912000,1,17.62000000,10.7500
1626740297336000,1,17.64130602,10.7400
1626740297336000,1,43.58869398,10.7400
1626740299735000,1,17.45000000,10.7300
1626740365213000,0,80.22000000,10.7600
1626740381014000,1,17.15000000,10.7500
1626740395705000,1,16.97864926,10.7400
1626740405335000,0,80.36000000,10.7400
1626740405390000,0,0.00715338,10.7400
1626740407666000,1,17.70000000,10.7400
1626740407806000,1,0.00533145,10.7400
1626740418157000,1,17.52000000,10.7200
1626740418252000,1,0.00702438,10.7200
1626740452172000,1,17.17000000,10.7000
1626740477595000,1,43.63851141,10.6800
1626740477595000,1,17.45148859,10.6800
1626740477646000,1,0.00391598,10.6800
1626740602277000,1,15.23000000,10.6800
1626740765952000,0,105.16000000,10.7200
1626740768673000,0,201.31000000,10.7200
1626740768711000,0,0.00972989,10.7200
1626740773798000,1,17.28000000,10.7200
1626740773806000,1,0.00071311,10.7200
1626740806577000,1,18.37000000,10.7100
1626740806578000,1,0.00873180,10.7100
1626740825954000,1,18.15000000,10.7200
1626740913857000,0,36.95000000,10.7500
1626740913860000,0,43.41055723,10.7500
1626740927230000,1,18.80000000,10.7500
1626740927235000,1,0.00549975,10.7500
1626741027785000,0,222.55000000,10.7700
1626741037191000,1,16.59871624,10.7800
1626741037191000,1,41.49128376,10.7800
1626741054302000,0,80.13189641,10.7700
1626741054302000,0,200.37810359,10.7700
1626741054310000,0,0.00011197,10.7700
1626741055061000,1,15.95000000,10.7700
1626741105635000,0,80.35000000,10.7400
1626741105658000,0,0.00387246,10.7400
1626741159501000,1,19.44000000,10.7300
1626741189369000,1,95.34000000,10.7200
1626741189421000,1,0.00211641,10.7200
1626741426249000,1,19.37000000,10.7500
1626741486471000,0,13.15000000,10.7400
1626741486501000,0,67.27953313,10.7400
1626741697200000,1,19.82850986,10.7400
1626741769576000,1,48.44000000,10.7400
1626741769583000,1,0.00616973,10.7400
1626741960141000,0,80.58000000,10.7100
1626741960143000,0,0.00905737,10.7100
1626742084275000,0,525.42248351,10.6900
1626742084275000,0,202.04978055,10.6900
1626742084275000,0,80.80775172,10.6900
1626742113859000,0,585.00000000,10.7000
1626742141673000,1,27.51000000,10.7000
1626742141801000,1,0.00901239,10.7000
1626742405527000,1,27.32000000,10.6500
1626742482941000,1,27.04000000,10.6400
1626742482953000,1,0.00846860,10.6400
1626742522902000,1,26.80000000,10.6200
1626742522921000,1,0.00159896,10.6200
1626742533864000,1,14.29000000,10.6200
1626742533866000,1,12.20849903,10.6200
1626742612359000,1,26.17000000,10.6200
1626742612393000,1,0.00913930,10.6200
1626742656868000,1,25.90000000,10.6100
1626742766881000,1,25.66000000,10.6000
1626742766951000,1,0.00245330,10.6000
1626743049954000,1,103.47285357,10.5400
1626743049954000,1,63.72783306,10.5400
1626743049954000,1,165.70437167,10.5400
1626743049954000,1,25.48494170,10.5400
1626743050078000,1,0.00755531,10.5400
1626743165231000,1,4.03000000,10.5200
1626743165276000,1,18.40800737,10.5200
1626743171954000,1,22.43800737,10.5100
1626743174409000,1,5.61000000,10.5000
1626743180633000,1,54.94813463,10.4900
1626743180633000,1,21.91186537,10.4900
1626743180670000,1,0.00133438,10.4900
1626743591201000,1,102.36000000,10.4200
1626743607002000,1,102.30107857,10.4100
1626743621038000,1,22.50000000,10.3700
1626743621558000,1,0.00892167,10.3700
1626743624721000,1,2.00000000,10.3500
1626743698959000,0,11.91600000,10.3600
1626743716019000,0,23.17000000,10.3400
1626743716181000,0,10.18482098,10.3400
1626743723579000,0,104.68505905,10.3500
1626743724859000,0,32.09696671,10.3600
1626743733430000,0,6.04300000,10.3800
1626743744012000,0,11.95000000,10.3900
1626744030614000,0,102.75665795,10.3800
1626744380621000,0,5.98100000,10.3300
1626744390784000,0,11.98500000,10.3300
1626744434507000,0,17.40000000,10.3200
1626744443507000,0,17.20000000,10.3200
1626744444158000,0,70.62356016,10.3200
1626745236532000,0,83.45000000,10.3400
1626745236538000,0,0.00987008,10.3400
1626745299301000,0,83.43566337,10.3500
1626745901124000,0,33.85000000,10.3100
1626745901144000,0,70.34352223,10.3100
1626745903708000,0,83.68398613,10.3200
1626746232445000,1,7.04000000,10.3000
1626746232464000,1,62.00000000,10.3000
1626746232464000,1,32.65041917,10.3000
1626746598995000,1,20.58000000,10.3600
1626746599070000,1,0.00251905,10.3600
1626746714667000,1,20.36000000,10.3500
1626746714728000,1,0.00600334,10.3500
1626746812965000,0,11.07000000,10.3200
1626746867905000,0,83.60000000,10.3200
1626747092979000,1,20.15000000,10.3600
1626747092982000,1,0.00642568,10.3600
1626747748375000,1,20.10000000,10.2600
1626747800713000,1,55.94712521,10.2000
1626747822546000,0,84.64000000,10.1900
1626747822578000,0,0.00737537,10.1900
1626748084430000,0,5.82800000,10.2100
1626748089099000,1,20.33326593,10.2000
1626748089424000,0,5.15900000,10.2200
1626748109351000,1,20.10000000,10.2000
1626748109363000,1,0.00406413,10.2000
1626748158376000,0,17.00000000,10.2100
1626748158376000,0,74.58518887,10.2100
1626748158376000,0,12.36431902,10.2100
1626748217850000,1,20.83721668,10.2100
1626748218209000,1,135.51083346,10.2000
1626748218209000,1,52.07875845,10.2000
1626748218209000,1,20.84048283,10.2000
1626748273511000,1,20.12000000,10.1900
1626748909115000,0,4.87400000,10.1700
1626748985627000,1,140.21062786,10.1200
1626748985627000,1,21.55530727,10.1200
1626748985627000,1,53.88826818,10.1200
1626749024718000,0,7.05500000,10.1100
1626749029664000,0,7.05600000,10.1200
1626749075367000,0,83.88369203,10.0700
1626749075492000,0,1.71191208,10.0700
1626749077608000,0,108.10044946,10.0900
1626749077608000,0,85.48015234,10.0900
1626749135755000,0,12.25500000,10.1400
1626749363829000,0,19.95805137,10.1300
1626749363903000,0,69.94194863,10.1300
1626749738735000,0,85.37178334,10.1000
1626749907500000,0,83.83382173,10.0800
1626749922052000,0,45.66800000,10.0800
1626749941054000,0,40.30838000,10.0700
1626749992329000,1,103.52436050,10.0500
1626750083594000,0,6.07600000,10.0800
1626750086170000,0,3.41700000,10.1000
1626751025167000,1,21.11704078,10.0200
1626751025216000,1,0.00000001,10.0200
1626751070713000,0,14.38192561,9.9600
1626751070874000,0,8.95500559,9.9600
1626751072381000,0,24.72800000,10.0200
1626751176864000,0,6.13300000,9.9700
1626751379444000,0,12.46300000,9.9000
1626751747803000,0,10.43761647,9.9200
1626751747962000,0,92.32010738,9.9200
1626751760594000,0,27.61455009,9.9100
1626751779474000,0,20.03120000,9.9100
1626751817625000,0,28.13816367,9.9100
1626751842367000,0,14.01400000,9.9100
1626751842388000,0,73.03662584,9.9100
1626751957644000,0,12.50000000,9.8800
1626752096246000,1,3.60432212,9.8100
1626752096300000,1,0.07355759,9.8100
1626752100131000,0,87.97796487,9.8000
1626752110353000,0,6.07500000,9.8300
1626752115134000,0,12.99000000,9.8300
1626752115157000,0,2.94000000,9.8300
1626752115209000,0,71.79428296,9.8300
1626752430518000,0,86.76516136,9.9400
1626752603403000,1,21.36489192,9.9000
1626752603403000,1,53.41222981,9.9000
1626752623166000,0,87.08456765,9.9000
1626753093009000,0,87.35052556,9.8700
1626753093009000,0,218.45118351,9.8700
1626753153257000,0,92.50000000,9.8800
1626753617455000,0,9.30976907,9.8800
1626753740421000,0,11.05988034,9.9300
1626754354045000,1,22.76000000,9.9100
1626754683694000,1,21.73459937,9.8700
1626754683694000,1,54.32540063,9.8700
1626754683768000,1,0.00394257,9.8700
1626754697820000,1,106.03000000,9.8600
1626754842754000,0,85.58359218,9.8800
1626754842792000,0,1.74660392,9.8800
1626755024993000,1,21.65101336,9.8600
1626755024993000,1,37.28898664,9.8600
1626755025034000,1,16.82888653,9.8600
1626755065305000,1,20.77587473,9.8700
1626755177024000,1,20.13285736,9.8700
1626755177040000,1,0.41087464,9.8700
1626755335023000,1,19.72000000,9.8800
1626755335056000,1,0.00136688,9.8800
1626755407219000,1,19.49000000,9.8800
1626755423102000,1,19.49000000,9.8700
1626755480006000,0,39.21000000,9.8700
1626755488082000,1,19.06000000,9.8800
1626755536837000,0,6.71000000,9.9000
1626755536974000,0,80.46695585,9.9000
1626755536974000,0,107.78548317,9.9000
1626755570499000,1,19.78000000,9.9000
1626755570549000,1,0.00567937,9.9000
1626755619121000,0,8.45000000,9.9200
1626755619187000,0,609.55000000,9.9200
1626755633082000,1,19.50000000,9.9300
1626755648950000,1,19.28000000,9.9300
1626755649018000,1,0.00424630,9.9300
1626755677265000,0,45.98000000,9.9300
1626755677504000,0,40.88000000,9.9300
1626755677512000,0,0.00779080,9.9300
1626755749879000,1,86.99000000,9.9200
1626755749973000,1,18.23528579,9.9200
1626756000952000,1,20.89421791,9.9900
1626756000952000,1,52.23627669,9.9900
1626756065627000,1,25.47000000,10.0400
1626756065692000,1,0.00770924,10.0400
1626756073241000,1,25.22000000,10.0300
1626756077684000,0,17.90000000,10.0500
1626756077684000,0,109.39508293,10.0500
1626756077684000,0,58.88292000,10.0500
1626756077684000,0,77.42289170,10.0600
1626756112605000,1,24.62000000,10.0400
1626756112688000,1,0.00618728,10.0400
1626756332033000,1,24.23000000,9.9800
1626756332050000,1,0.00080045,9.9800
1626756363477000,1,4.70737327,9.9700
1626756399557000,1,23.93000000,9.9600
1626756399664000,1,0.00294986,9.9600
1626756628757000,1,22.17000000,9.9200
1626756628794000,1,0.00328109,9.9200
1626756759393000,1,21.93430972,9.9100
1626756869709000,1,21.47000000,9.9100
1626756869711000,1,0.00135942,9.9100
1626756898608000,1,21.18000000,9.9300
1626756973262000,1,19.93000000,9.9100
1626756973299000,1,0.00604593,9.9100
1626757022866000,1,19.70000000,9.9100
1626757022870000,1,0.00895421,9.9100
1626757072710000,0,86.98000000,9.9100
1626757072810000,0,0.00213832,9.9100
1626757146634000,0,87.07000000,9.9000
1626757146658000,0,0.00939630,9.9000
1626757202804000,1,21.44881948,9.9000
1626757412345000,1,20.30000000,9.9400
1626757515360000,0,86.88000000,9.9200
1626757515361000,0,0.00957234,9.9200
1626757681129000,1,20.69000000,9.9100
1626757716024000,0,87.08000000,9.9000
1626757716043000,0,0.00046502,9.9000
1626757760115000,0,87.05955604,9.9100
1626757822168000,0,112.74000000,9.9400
1626757840881000,1,23.42820597,9.9600
1626757840881000,1,58.56028387,9.9600
1626758016084000,1,19.23000000,9.9500
1626758016115000,1,0.00132954,9.9500
1626758048992000,1,12.68000000,9.9300
1626758049106000,1,6.35509643,9.9300
1626758095246000,0,86.82805087,9.9300
1626758143671000,0,102.19446771,9.9500
1626758143671000,0,86.71553229,9.9500
1626758228508000,1,17.94000000,9.9700
1626758228556000,1,2.76986003,9.9700
1626758319165000,0,30.00000000,9.9900
1626758442832000,1,12.69000000,9.9800
1626758442855000,1,85.69378678,9.9800
1626758563934000,1,20.79000000,9.9800
1626758563949000,1,0.00483042,9.9800
1626758822531000,0,86.40086357,9.9800
1626758822531000,0,47.13913643,9.9800
1626758841288000,1,20.32000000,9.9800
1626758841325000,1,0.00266208,9.9800
1626758943879000,1,21.29000000,10.0100
1626759023477000,1,21.01000000,10.0300
1626759023506000,1,0.00360999,10.0300
1626759160910000,1,135.21031287,10.0100
1626759160910000,1,20.80244854,10.0100
1626759197864000,0,17.71000000,10.0100
1626759197971000,0,68.42194975,10.0100
1626759240017000,0,84.48617355,10.0000
1626759456528000,0,86.32670496,9.9900
1626759548401000,0,86.39600225,9.9800
1626759596899000,1,21.04321268,9.9800
1626759758115000,0,86.39138379,9.9900
1626759758115000,0,215.82083737,9.9900
1626759884070000,1,23.34000000,10.0000
1626759884089000,1,0.00159381,10.0000
1626760318358000,1,21.52311553,10.0200
1626760993191000,1,21.02000000,10.0300
1626760993223000,1,0.00022026,10.0300
1626761199459000,0,86.32402283,9.9900
1626761199459000,0,215.85597717,9.9900
1626761199476000,0,0.00605155,9.9900
1626761232748000,1,23.43792413,9.9900
1626761236204000,1,23.17812405,9.9900
1626761459371000,1,22.08000000,10.0100
1626761459452000,1,0.00988095,10.0100
1626761757550000,1,21.85676074,10.0100
1626762094289000,1,21.67648036,9.9700
1626762429007000,1,21.45507793,9.9700
1626762429007000,1,53.61134442,9.9700
1626762429007000,1,100.67357765,9.9700
1626762429060000,1,15.27000000,9.9700
1626762953030000,0,17.50000000,9.9900
1626762953030000,0,11.03141644,10.0000
1626762953030000,0,21.36608356,10.0000
1626763037400000,1,19.96000000,10.0000
1626763037423000,1,0.00356479,10.0000
1626763203181000,1,19.51911830,9.9900
1626763360223000,1,18.04000000,9.9700
1626763374197000,0,86.58000000,9.9700
1626763374219000,0,0.00214920,9.9700
1626763392573000,0,86.60000000,9.9700
1626763392579000,0,0.00244159,9.9700
1626763442873000,1,19.82632188,9.9600
1626763442873000,1,49.55367812,9.9600
1626763606655000,0,86.59147817,9.9800
1626763674134000,1,24.70578588,9.9900
1626763674134000,1,61.76926249,9.9900
1626763674134000,1,160.54495163,9.9900
1626763674158000,1,0.00088124,9.9900
1626763854030000,1,21.84000000,10.0200
1626764083800000,1,21.37000000,10.0200
1626764183024000,1,21.13000000,10.0200
1626764183051000,1,0.00660725,10.0200
1626764825629000,0,85.69000000,10.0900
1626764825659000,0,0.00708374,10.0900
1626764829423000,1,19.93000000,10.0900
1626764829471000,1,0.00172156,10.0900
1626764952898000,1,20.40091246,10.1100
1626764952898000,1,50.98908754,10.1100
1626765048060000,0,68.27000000,10.0900
1626765048069000,0,145.98621998,10.0900
1626765048069000,0,85.67667778,10.0900
1626765048069000,0,68.26710224,10.0900
1626765048083000,0,122.93000000,10.0900
1626765597734000,1,23.13000000,10.0900
1626766396974000,1,20.86000000,10.0400
1626766397048000,1,0.00062625,10.0400
1626767163927000,0,85.77743596,10.0700
1626767538817000,0,85.79585365,10.0700
1626767542056000,1,20.07000000,10.0700
1626767809667000,0,39.52000000,10.0900
1626767988995000,1,21.62000000,10.0800
1626768102803000,1,15.80000000,10.0800
1626768102814000,1,54.13555359,10.0800
1626768102814000,1,27.66705780,10.0800
1626768253813000,1,26.54076313,10.0900
1626768520071000,1,25.82399106,10.0300
1626768521743000,1,2.76896452,10.0300
1626768576172000,1,4.02000000,10.0100
1626768577810000,1,0.00869200,10.0100
1626768728433000,1,24.48000000,10.0400
1626768728453000,1,0.00047248,10.0400
1626769411744000,1,22.53000000,10.0500
1626769988535000,1,12.38000000,10.0000
1626769988611000,1,8.11202582,10.0000
1626770317600000,1,20.82224629,10.0200
1626770347068000,1,52.04418794,10.0100
1626770347068000,1,20.82224629,10.0100
1626770349746000,1,7.17360000,10.0000
1626770366673000,0,2.26819000,10.0100
1626770413532000,0,86.46000000,9.9900
1626770413571000,0,0.00240058,9.9900
1626770560031000,0,86.63000000,9.9600
1626770560188000,0,0.00929057,9.9600
1626770646696000,0,31.23000000,9.9400
1626770677514000,0,86.83000000,9.9400
1626770677538000,0,0.00324651,9.9400
1626770760442000,0,17.30000000,9.9700
1626770805661000,0,86.56000000,9.9800
1626770805679000,0,0.00205905,9.9800
1626770819549000,1,20.99025608,9.9800
1626770831098000,1,20.77000000,9.9800
1626770831121000,1,0.00871934,9.9800
1626771161342000,1,20.60000000,9.9500
1626771161370000,1,0.00838176,9.9500
1626771213956000,1,20.41566968,9.9300
1626771214052000,1,0.00000001,9.9300
1626771298150000,1,5.43000000,9.9200
1626771412921000,1,110.62000000,9.9200
1626771599430000,0,7.07000000,9.9100
1626771610339000,0,11.13000000,9.9100
1626771610339000,0,1.38200000,9.9200
1626771700443000,1,20.67959941,9.9300
1626771700443000,1,51.69040059,9.9300
1626771758567000,1,108.16433296,9.9400
1626771758568000,1,2.20743537,9.9400
1626771758808000,1,110.37000000,9.9400
1626771760988000,1,0.00176833,9.9400
1626771760988000,1,108.16429760,9.9400
1626771761126000,1,2.20747073,9.9400
1626771761562000,1,110.37000000,9.9400
1626771761576000,1,0.00176833,9.9400
1626771782304000,1,19.85075220,9.9400
1626771782304000,1,110.35924780,9.9400
1626771828465000,1,188.87000000,9.9300
1626771828478000,1,0.00626262,9.9300
1626771879082000,0,86.83000000,9.9500
1626771879120000,0,0.00206938,9.9500
1626772213653000,1,109.16262161,9.9200
1626772213653000,1,20.64768606,9.9200
1626772213653000,1,51.60969233,9.9200
1626772213656000,1,0.00265479,9.9200
1626772293935000,1,19.83405201,9.9200
1626772293935000,1,84.84594799,9.9200
1626772294071000,1,25.67385631,9.9200
1626772294071000,1,49.56614369,9.9200
1626772298557000,1,18.49497583,9.9200
1626772389661000,0,86.97000000,9.9200
1626772389664000,0,0.00556846,9.9200
1626772403037000,1,19.80492865,9.9300
1626772403037000,1,49.49860223,9.9300
1626772543158000,0,106.23000000,9.9400
1626772543195000,0,0.00950152,9.9400
1626772546335000,0,86.76220927,9.9500
1626772554470000,1,22.69890526,9.9700
1626772558593000,0,12.48800000,9.9800
1626772606626000,1,20.45000000,9.9900
1626772606652000,1,0.00122865,9.9900
1626772703803000,1,24.11000000,9.9600
1626772706954000,1,24.14684744,9.9500
1626772711174000,1,23.61399229,9.9500
1626772711174000,1,59.02600771,9.9500
1626772711231000,1,0.00258220,9.9500
1626772751001000,1,22.71571444,9.9300
1626772926124000,1,20.81000000,9.9600
1626773085069000,1,20.57000000,9.9600
1626773085112000,1,0.00808000,9.9600
1626773097067000,0,61.12000000,9.9600
1626773097097000,0,25.58834061,9.9600
1626773406112000,1,98.94076209,9.9100
1626773408816000,1,21.18000000,9.9100
1626773523750000,0,87.36000000,9.8800
1626773523763000,0,0.00470149,9.8800
1626773603994000,0,105.66191834,9.9000
1626773606549000,0,84.54352406,9.9100
1626773630701000,1,20.71000000,9.9200
1626773630769000,1,0.00933014,9.9200
1626773644953000,1,20.48423330,9.9200
1626773644953000,1,51.19576670,9.9200
1626773644983000,1,0.00656124,9.9200
1626773729755000,1,17.14000000,9.9100
1626773821031000,1,16.28000000,9.9100
1626773821109000,1,0.00732970,9.9100
1626773996105000,1,18.93684386,9.8900
1626774081865000,0,87.41000000,9.8800
1626774081865000,0,0.00760201,9.8800
1626774093255000,0,5.98700000,9.9000
1626774292375000,1,19.02572000,9.8800
1626774360226000,1,21.27962362,9.8800
1626774416304000,1,3.92000000,9.9200
1626774765351000,1,21.32562515,9.9200
1626774808948000,1,21.10768989,9.9100
1626774812082000,1,7.24514000,9.9000
1626774814806000,1,105.92000000,9.9000
1626774867109000,1,20.84955226,9.8900
1626775111556000,1,165.15178272,9.8500
1626775112372000,1,202.65628090,9.8500
1626775112468000,1,281.30822493,9.8500
1626775113361000,1,211.10867579,9.8500
1626775114584000,1,149.52154510,9.8500
1626775114789000,1,3.05146010,9.8500
1626775116247000,0,87.74903524,9.8600
1626775255068000,1,4.93000000,9.8600
1626775255100000,1,99.25633269,9.8600
1626775278554000,1,21.55000000,9.8900
1626775288694000,0,103.72622712,9.9100
1626775361484000,1,20.80000000,10.0200
1626775361499000,1,0.00224864,10.0200
1626775364826000,1,20.79000000,10.0200
1626775364851000,1,0.00560693,10.0200
1626775420857000,1,20.36912254,10.0000
1626775420857000,1,50.91873375,10.0000
1626775421203000,1,20.38734482,9.9900
1626775473741000,1,19.39643735,9.9700
1626775545369000,0,107.15000000,9.9500
1626775545442000,0,0.00503912,9.9500
1626775570469000,0,38.06000000,9.9700
1626775606138000,1,18.42000000,9.9700
1626775606216000,1,0.00053940,9.9700
1626775606216000,1,46.08783313,9.9700
1626775677632000,1,17.03000000,9.9600
1626775677633000,1,0.00309529,9.9600
1626775737275000,1,15.27000000,9.9300
1626775763229000,1,16.71000000,9.9300
1626775763257000,1,0.00932684,9.9300
1626775836074000,1,16.48000000,9.9600
1626775855115000,1,16.29617066,9.9500
1626775868820000,1,16.13000000,9.9500
1626775868851000,1,0.00080155,9.9500
1626775924878000,1,14.96527715,9.9300
1626775959200000,0,16.70000000,9.9100
1626775959231000,0,6.50194810,9.9100
1626775959231000,0,58.00431515,9.9100
1626776090068000,0,12.58000000,9.9000
1626776146814000,0,16.06000000,9.9400
1626776146818000,0,70.94893974,9.9400
1626776233153000,1,41.92664204,9.9600
1626776233153000,1,16.78028103,9.9600
1626776243122000,1,11.00000000,9.9500
1626776243156000,1,5.14490398,9.9500
1626776247183000,0,19.59902735,9.9500
1626776247195000,0,67.25754968,9.9500
1626776530856000,1,107.89859692,10.0000
1626776530856000,1,22.36854827,10.0000
1626776559912000,1,22.09000000,10.0100
1626776620605000,1,21.87029384,10.0000
1626776700475000,1,21.62000000,9.9900
1626776700503000,1,0.00775190,9.9900
1626776995610000,0,103.30950614,9.9900
1626777031874000,1,2.81574858,9.9700
1626777555646000,1,101.28000000,9.9600
1626777699746000,1,21.11100610,10.0000
1626777936720000,1,19.80695920,9.9800
1626777937759000,1,4.90000000,9.9700
1626778244069000,0,86.81000000,9.9600
1626778244217000,0,0.00221057,9.9600
1626778272178000,0,102.93362308,9.9700
1626778272178000,0,86.81029327,9.9700
1626778311496000,1,20.29000000,9.9800
1626778311527000,1,0.00314609,9.9800
1626778312460000,1,5.90000000,9.9700
1626778347129000,0,86.73000000,9.9700
1626778411293000,1,20.34137658,9.9800
1626778493068000,1,21.01000000,10.0100
1626778493939000,1,4.40000000,10.0000
1626778494306000,1,4.40000000,10.0000
1626778611055000,0,40.67124360,10.0200
1626778611965000,1,19.27000000,10.0200
1626778723002000,0,16.90000000,10.0200
1626778822478000,0,17.80000000,10.0500
1626778938365000,1,2.20000000,10.0900
1626778970115000,0,70.23000000,10.0900
1626779146100000,1,18.99000000,10.0700
1626779146123000,1,0.00161081,10.0700
1626779164284000,0,46.11000000,10.0700
1626779204854000,1,19.30303151,10.0600
1626779216864000,0,46.01000000,10.0600
1626779216882000,0,0.00320089,10.0600
1626779255914000,0,45.19000000,10.0500
1626779255927000,0,0.00174182,10.0500
1626779378767000,1,20.16000000,10.0400
1626779498915000,0,28.46064901,10.0500
1626779519142000,0,25.13000000,10.0600
1626779611064000,0,24.56000000,10.0300
1626779643398000,1,7.37000000,10.0200
1626779645006000,1,20.64000000,10.0100
1626779805214000,0,44.99022283,10.0100
1626779805214000,0,17.73977717,10.0100
1626779805215000,0,0.00431230,10.0100
1626779999415000,0,29.53052121,10.0200
1626779999415000,0,17.90000000,10.0200
1626780060070000,1,99.08449614,9.9900
1626780097321000,1,21.01000000,9.9900
1626780097330000,1,0.00009070,9.9900
1626780256129000,1,91.30000000,10.0000
1626780294901000,1,15.78780000,10.0000
1626780295700000,1,3.44603359,10.0000
1626780409982000,0,108.13000000,10.0200
1626780410038000,0,0.00297039,10.0200
1626780417941000,1,5.48800000,10.0300
1626780429219000,0,86.29000000,10.0400
1626780447990000,1,91.30000000,10.0400
1626780560582000,0,86.56253668,10.0000
1626780572070000,1,19.08737046,9.9900
1626780578056000,1,19.27835924,9.9900
1626780578056000,1,22.67131120,9.9900
1626780578057000,1,13.36722188,9.9900
1626780578078000,1,12.15128715,9.9900
1626780578496000,1,19.27835924,9.9800
1626780578496000,1,48.18982023,9.9800
1626780583439000,1,17.20859924,9.9700
1626780583451000,1,0.58816420,9.9700
1626780583586000,1,15.96324810,9.9600
1626780583633000,1,32.22657213,9.9600
1626780583633000,1,125.40170203,9.9600
1626780608429000,0,86.82000000,9.9600
1626780608465000,0,0.00639717,9.9600
1626780612564000,0,86.78666783,9.9700
1626780621401000,1,18.54661420,9.9800
1626780661078000,1,23.73236599,9.9700
1626780661078000,1,59.32581328,9.9700
1626780743348000,1,103.44695415,9.9700
1626780834006000,1,18.29357050,9.9600
1626780834006000,1,44.52916903,9.9600
1626780872930000,0,86.75000000,9.9700
1626780872951000,0,0.00496491,9.9700
1626780934462000,0,86.20000000,10.0400
1626780934471000,0,0.00813767,10.0400
1626780949549000,1,49.59466925,10.0500
1626780949549000,1,19.83786770,10.0500
1626780998402000,1,18.09000000,10.0600
1626780998428000,1,0.00549460,10.0600
1626781095738000,0,20.73000000,10.0600
1626781186503000,1,18.10000000,10.0700
1626781186605000,1,0.00669278,10.0700
1626781222500000,0,159.31067608,10.0900
1626781222500000,0,63.71140330,10.0900
1626781222500000,0,414.40363263,10.0900
1626781325763000,1,101.39676203,10.1200
1626781325814000,1,2.06932167,10.1200
1626781382833000,1,24.68000000,10.1000
1626781382859000,1,0.00507903,10.1000
1626781597144000,1,19.71000000,10.0500
1626781597150000,1,0.00272682,10.0500
1626781629061000,1,19.48000000,10.0600
1626781667371000,0,97.60312585,10.0800
1626781667371000,0,85.84419718,10.0800
1626781772036000,0,86.13000000,10.0400
1626781772062000,0,0.00727645,10.0400
1626781835509000,1,21.20519543,10.0600
1626781842871000,1,20.94000000,10.0700
1626781966689000,1,3.71000000,10.0800
1626781966809000,1,16.97958461,10.0800
1626782066949000,1,15.62000000,10.0900
1626782066965000,1,4.79336004,10.0900
1626782141921000,1,20.20000000,10.0800
1626782170761000,0,85.80346068,10.0900
1626782293727000,1,2.56400000,10.1000
1626782295638000,1,2.50000000,10.0900
1626782345683000,1,20.92000000,10.0900
1626782405432000,1,20.68000000,10.0900
1626782405474000,1,0.00671328,10.0900
1626782520614000,1,20.41000000,10.1100
1626782520810000,1,0.00386682,10.1100
1626782735497000,0,38.77000000,10.1200
1626782735572000,0,85.55446661,10.1200
1626782735572000,0,107.30553339,10.1200
1626782735672000,0,106.44150390,10.1200
1626782768757000,1,22.03000000,10.1200
1626782993731000,1,106.50000000,10.1600
1626782993759000,1,0.00946182,10.1600
1626783183836000,0,36.80000000,10.1700
1626783278301000,1,61.11437955,10.1700
1626783278392000,1,38.88562045,10.1700
1626783406399000,1,19.86910198,10.1500
1626783406447000,1,0.40549188,10.1500
1626783420836000,0,85.29889521,10.1500
1626783442076000,1,21.01000000,10.1400
1626783442118000,1,0.00081617,10.1400
1626783970037000,1,20.77000000,10.1400
1626783970053000,1,0.00294853,10.1400
1626784067696000,1,20.51000000,10.1600
1626784067730000,1,0.00838235,10.1600
1626784127746000,1,3.16098781,10.1400
1626784127750000,1,17.16450996,10.1400
1626784260161000,1,12.85000000,10.1200
1626784260165000,1,7.28651287,10.1200
1626784260165000,1,50.33133546,10.1200
1626784299589000,1,19.36388556,10.1100
1626784336692000,0,85.59736248,10.1100
1626784369861000,1,20.10920529,10.1100
1626784369861000,1,50.26079471,10.1100
1626784370663000,0,85.60000000,10.1100
1626784370690000,0,0.00050993,10.1100
1626784391201000,0,98.91900640,10.1200
1626784437102000,0,85.46000000,10.1300
1626784573629000,1,21.15000000,10.1500
1626784573642000,1,0.00925751,10.1500
1626784810833000,0,85.46000000,10.1400
1626784958684000,0,85.29000000,10.1500
1626785118282000,0,85.38000000,10.1400
1626785512201000,1,17.96000000,10.1500
1626785512205000,1,0.00566256,10.1500
1626785999806000,0,65.43000000,10.1500
1626785999825000,0,0.00119206,10.1500
1626786404467000,1,18.50289963,10.1300
1626786443622000,1,18.31000000,10.1200
1626786555055000,0,61.30903378,10.1200
1626786650071000,1,18.77000000,10.1300
1626786650092000,1,0.00999437,10.1300
1626786795225000,1,18.88000000,10.1300
1626786908061000,0,64.63630783,10.1500
1626787243222000,1,9.20000000,10.1300
1626787321179000,0,76.18000000,10.1100
1626787375890000,1,21.00589001,10.0900
1626787375890000,1,52.51472503,10.0900
1626787376623000,1,20.98791091,10.0800
1626787395156000,1,22.84480669,10.0500
1626787395187000,1,26.07784898,10.0500
1626787395187000,1,127.18860747,10.0500
1626787395187000,1,19.90617420,10.0500
1626787401185000,0,86.54233604,10.0200
1626787409785000,1,18.48247443,10.0200
1626787413750000,1,19.26456950,10.0200
1626787413750000,1,48.16543050,10.0200
1626787413827000,1,0.00368187,10.0200
1626787417846000,1,16.79000000,10.0100
1626787425705000,1,16.20392031,10.0000
1626787430613000,0,26.42000000,10.0100
1626787430680000,0,39.92000000,10.0100
1626787430705000,0,20.27326245,10.0100
1626787442929000,1,17.44000000,10.0000
1626787442970000,1,0.00633190,10.0000
1626787449403000,1,44.08820419,9.9900
1626787449403000,1,17.63179581,9.9900
1626787449429000,1,0.00814244,9.9900
1626787467096000,0,86.75000000,9.9800
1626787468920000,0,216.89083894,9.9900
1626787471312000,0,86.64156393,10.0000
1626787487351000,1,60.79978369,10.0100
1626787487351000,1,24.31021631,10.0100
1626787487452000,1,0.00958177,10.0100
1626787490146000,1,104.75093439,10.0000
1626787490146000,1,24.31906561,10.0000
1626787495507000,1,24.31000000,9.9900
1626787495678000,1,0.00979808,9.9900
1626787519748000,1,58.79825849,10.0000
1626787519748000,1,23.51174151,10.0000
1626787519786000,1,0.00749128,10.0000
1626787525717000,1,22.62000000,9.9900
1626787525804000,1,0.00999659,9.9900
1626787568274000,1,16.52980513,9.9900
1626787568274000,1,0.00000001,9.9900
1626787568462000,1,107.52843384,9.9800
1626787568462000,1,16.54043136,9.9800
1626787569708000,1,573.00000000,9.9700
1626787569708000,1,16.52000000,9.9700
1626787574105000,1,14.79210947,9.9700
1626787574105000,1,78.34800184,9.9700
1626787574137000,1,17.80253504,9.9700
1626787574137000,1,36.98027368,9.9700
1626787574568000,1,14.79210947,9.9600
1626787574568000,1,36.98027368,9.9600
1626787574568000,1,58.44761685,9.9600
1626787574600000,1,37.70292003,9.9600
1626787575034000,1,36.98027368,9.9500
1626787575034000,1,14.79210947,9.9500
1626787575034000,1,96.14761685,9.9500
1626787575122000,1,0.00292003,9.9500
1626787591917000,0,86.94752856,9.9600
1626787608878000,1,10.77322715,9.9800
1626787608878000,1,26.92677285,9.9800
1626787608925000,1,0.00413686,9.9800
1626787615633000,1,3.70100000,9.9700
1626787635909000,1,10.35154066,9.9800
1626787635909000,1,25.86845934,9.9800
1626787635910000,1,0.00831812,9.9800
1626787678451000,1,10.19000000,9.9900
1626787678509000,1,0.00925705,9.9900
1626787698678000,1,10.10000000,9.9700
1626787698698000,1,0.00761286,9.9700
1626787741124000,0,25.68090000,9.9900
1626787741164000,0,61.03077021,9.9900
1626787754163000,0,86.79466633,9.9800
1626787754163000,0,216.95533367,9.9800
1626787791415000,0,13.68000000,9.9700
1626787791416000,0,73.18693326,9.9700
1626787804742000,0,130.88000000,9.9800
1626787804805000,0,86.13639388,9.9800
1626787804805000,0,86.84515345,9.9800
1626787823152000,1,19.60000000,10.0000
1626787867228000,1,14.76000000,10.0000
1626787867278000,1,4.62239010,10.0000
1626787934934000,1,102.21000000,9.9800
1626787949174000,1,19.19464966,9.9800
1626787949174000,1,47.99535034,9.9800
1626787993921000,1,18.48000000,9.9600
1626787993931000,1,0.00056500,9.9600
1626788000462000,1,18.48000000,9.9500
1626788000540000,1,0.00056500,9.9500
1626788001855000,1,693.00000000,9.9400
1626788001855000,1,45.73064185,9.9400
1626788001855000,1,18.29935815,9.9400
1626788009463000,1,16.43000000,9.9500
1626788009508000,1,0.00191721,9.9500
1626788026185000,0,87.04032026,9.9500
1626788057637000,1,17.91000000,9.9700
1626788071616000,0,86.92043556,9.9700
1626788103932000,1,18.67000000,9.9700
1626788110148000,1,18.48000000,9.9700
1626788110235000,1,0.00299875,9.9700
1626788111510000,1,18.48000000,9.9600
1626788216065000,1,18.06000000,9.9700
1626788216075000,1,0.00549643,9.9700
1626788257505000,1,19.10000000,9.9700
1626788286899000,1,18.88000000,9.9700
1626788286969000,1,0.00381171,9.9700
1626788290404000,0,86.84000000,9.9700
1626788290422000,0,0.00542417,9.9700
1626788304440000,0,87.03000000,9.9500
1626788304465000,0,0.00378707,9.9500
1626788336102000,1,20.23487519,9.9600
1626788406429000,1,20.44000000,9.9400
1626788406446000,1,0.00444252,9.9400
1626788461401000,1,20.23000000,9.9400
1626788461432000,1,0.00117338,9.9400
1626788551454000,1,76.42658930,9.9300
1626788551454000,1,50.05092424,9.9300
1626788551454000,1,20.00248646,9.9300
1626788551529000,1,0.00233287,9.9300
1626788912297000,1,19.76000000,9.9500
1626788912671000,1,0.00875829,9.9500
1626788976631000,1,19.56000000,9.9300
1626788976695000,1,0.00947496,9.9300
1626788998147000,1,19.37960106,9.9200
1626788998147000,1,48.45039894,9.9200
1626788998148000,1,0.00143531,9.9200
1626789093494000,1,18.58000000,9.9400
1626789108596000,1,18.35899829,9.9500
1626789108596000,1,45.89100171,9.9500
1626789115324000,1,17.63738640,9.9500
1626789115324000,1,44.08261360,9.9500
1626789141965000,1,17.29037331,9.9400
1626789235657000,1,15.47000000,9.9400
1626789320903000,1,15.28000000,9.9500
1626789320928000,1,0.00540032,9.9500
1626789331061000,1,15.11000000,9.9500
1626789331111000,1,0.00294690,9.9500
1626789526319000,1,15.07000000,9.9200
1626789526391000,1,0.00426188,9.9200
1626789539305000,1,14.73000000,9.9200
1626789681001000,1,14.74000000,9.9100
1626789681654000,0,87.25000000,9.9100
1626789764481000,0,87.23000000,9.9100
1626789793165000,0,45.16000000,9.9100
1626789793167000,0,42.08745859,9.9100
1626789823319000,1,17.56000000,9.8900
1626789823366000,1,0.00391478,9.8900
1626789826467000,0,87.40000000,9.8900
1626789826505000,0,0.00483161,9.8900
1626789921805000,1,18.33465880,9.8900
1626789946423000,1,18.14000000,9.8800
1626789946435000,1,0.00264808,9.8800
1626789989611000,1,17.99000000,9.8600
1626789989640000,1,0.00732988,9.8600
1626790000716000,1,44.47608292,9.8600
1626790000716000,1,17.78391708,9.8600
1626790000761000,1,0.00651609,9.8600
1626790045992000,0,87.14000000,9.9300
1626790047363000,0,246.47000000,9.9400
1626790048757000,0,194.53000000,9.9400
1626790056884000,0,61.70814623,9.9800
1626790058114000,0,7.55100000,9.9900
1626790058389000,0,19.84900000,9.9900
1626790059552000,0,5.66300000,10.0500
1626790066521000,0,3.88674484,10.1000
1626790066521000,0,10.99198068,10.1100
1626790066521000,0,10.09627448,10.1100
1626790073501000,0,24.92500000,10.1200
1626790389363000,1,18.96526228,10.0300
1626790411129000,0,86.23681679,10.0400
1626790463017000,0,86.15642350,10.0400
1626790463017000,0,215.42357650,10.0400
1626790463113000,0,0.00651563,10.0400
1626790464084000,0,215.19856673,10.0600
1626790464084000,0,234.67143327,10.0600
1626790498109000,1,4.10000000,10.0600
1626790510794000,1,28.12938422,10.0500
1626790552314000,1,17.90000000,10.0500
1626790637159000,1,2.64537730,10.0300
1626790637538000,1,0.05398729,10.0300
1626790659137000,1,137.17000000,9.9900
1626790668359000,1,26.60352778,9.9300
1626790683318000,0,18.29999999,9.9200
1626790683327000,0,0.00000001,9.9200
1626790684190000,0,55.49920563,9.9300
1626790684200000,0,9.23277773,9.9300
1626790684431000,0,17.79999999,9.9300
1626790686943000,0,0.00000001,9.9300
1626790686943000,0,19.85806071,9.9400
1626790687333000,0,13.82844422,9.9400
1626790734174000,1,13.45342058,9.9200
1626790734176000,1,4.84657942,9.9200
1626790734176000,1,59.88247000,9.9200
1626790797020000,1,25.97000000,9.9400
1626790797116000,1,0.00875561,9.9400
1626790851933000,0,20.30000000,9.9700
1626790852010000,0,411.70000000,9.9700
1626790990629000,1,25.65000000,9.9600
1626790990667000,1,0.00634350,9.9600
1626791020584000,0,534.00000000,9.9900
1626791040532000,1,25.29000000,9.9900
1626791044859000,1,25.29000000,9.9700
1626791044872000,1,0.00126101,9.9700
1626791061532000,1,24.73991678,9.9700
1626791061532000,1,61.84008322,9.9700
1626791130409000,1,153.48751532,10.0200
1626791130409000,1,23.62900496,10.0200
1626791130576000,1,15.01000000,10.0300
1626791136256000,1,21.49000000,10.0100
1626791136267000,1,0.00876550,10.0100
1626791168555000,1,21.20190584,10.0300
1626791222062000,1,20.66000000,10.0700
1626791222083000,1,0.00530280,10.0700
1626791260958000,0,14.76526061,10.1000
1626791266999000,1,20.39000000,10.0900
1626791267027000,1,0.00022363,10.0900
1626791271989000,0,85.72000000,10.1000
1626791288952000,1,21.10662675,10.1000
1626791314421000,1,20.86000000,10.1000
1626791326716000,1,20.33000000,10.1300
1626791326749000,1,0.00161880,10.1300
1626791329349000,1,20.33000000,10.1200
1626791393551000,0,85.58295091,10.1100
1626791467735000,1,21.09000000,10.1100
1626791507518000,0,450.00000000,10.1000
1626791581843000,1,20.51663127,10.0800
1626791666417000,1,20.43000000,10.1000
1626791675448000,1,19.80375939,10.0900
1626791701832000,0,47.51000000,10.0800
1626791701879000,0,38.33238480,10.0800
1626791749610000,1,5.39000000,10.0700
1626791750046000,1,0.00500000,10.0700
1626791774397000,1,18.75426000,10.0600
1626791877853000,1,522.00000000,10.0400
1626791936722000,1,20.82000000,10.0600
1626791936732000,1,0.00200566,10.0600
1626791945738000,1,2.67600000,10.0400
1626791967558000,0,100.95000000,10.0800
1626791975072000,1,20.53000000,10.0800
1626791975148000,1,0.00380981,10.0800
1626791987875000,1,20.31000000,10.0800
1626791987970000,1,0.00659838,10.0800
1626792023977000,1,19.70890403,10.0600
1626792048048000,1,19.92000000,10.0500
1626792070957000,0,86.14000000,10.0400
1626792070991000,0,0.00135334,10.0400
1626792081474000,1,20.25436448,10.0400
1626792083993000,1,19.58118912,10.0500
1626792409104000,1,56.78668895,10.0600
1626792409104000,1,22.71331105,10.0600
1626792409181000,1,0.00541226,10.0600
1626792513736000,1,21.78000000,10.0900
1626793026915000,1,19.81000000,10.1000
1626793026995000,1,0.00992019,10.1000
1626793063245000,0,85.55000000,10.1100
1626793063270000,0,0.00420746,10.1100
1626793128199000,0,213.47340396,10.1300
1626793128199000,0,85.37402815,10.1300
1626793203772000,0,360.92000000,10.1500
1626793203876000,0,308.08000000,10.1500
1626793244672000,1,22.64727697,10.1200
1626793244672000,1,56.60272303,10.1200
1626793244735000,1,0.00542947,10.1200
1626793520515000,1,3.43200000,10.1200
1626793538563000,1,2.57400000,10.1100
1626793671912000,1,7.98000000,10.1500
1626793671929000,1,13.47026674,10.1500
1626793721835000,1,19.61000000,10.1200
1626793807910000,0,213.04868523,10.1600
1626793807910000,0,85.18561291,10.1600
1626793818546000,1,5.95000000,10.1700
1626793973163000,1,20.19310483,10.1700
1626794023811000,1,50.65403850,10.2200
1626794023811000,1,20.26637100,10.2200
1626794023811000,1,131.71959050,10.2200
1626794027055000,0,84.66142135,10.2200
1626794027055000,0,100.87857865,10.2200
1626794029040000,1,17.80000000,10.2200
1626794029124000,1,0.00210880,10.2200
1626794034445000,1,17.80210880,10.2100
1626794034445000,1,49.23789120,10.2100
1626794034514000,1,0.00418788,10.2100
1626794047755000,0,84.80000000,10.2000
1626794047763000,0,0.00416696,10.2000
1626794050796000,1,19.92000000,10.2000
1626794050800000,1,0.00333292,10.2000
1626794058685000,1,19.92000000,10.1900
1626794058730000,1,0.00333292,10.1900
1626794072956000,0,26.79000000,10.1800
1626794072957000,0,58.19062285,10.1800
1626794116008000,1,19.52625985,10.2000
1626794116008000,1,48.81373678,10.2000
1626794136028000,0,84.99000000,10.1800
1626794136917000,1,18.80000000,10.1800
1626794157384000,0,4.12000000,10.1800
1626794170034000,0,85.01000000,10.1700
1626794426024000,1,20.55000000,10.1800
1626794448767000,1,20.32000000,10.1800
1626794448785000,1,0.00425513,10.1800
1626794657256000,0,84.91627984,10.1800
1626794657256000,0,9.22372016,10.1800
1626794657496000,0,695.77000000,10.1800
1626794657820000,0,0.00627984,10.1800
1626794658046000,0,212.27000000,10.1900
1626794658107000,0,0.00470785,10.1900
1626794764726000,0,729.00000000,10.2300
1626794815846000,1,45.02393990,10.2700
1626794815846000,1,112.54606010,10.2700
1626794815848000,1,0.00425425,10.2700
1626794885083000,1,43.15069003,10.2800
1626794947465000,0,58.30000000,10.3100
1626794949972000,0,79.28000000,10.3200
1626794950037000,0,577.72000000,10.3200
1626795012710000,1,103.42000000,10.3300
1626795088023000,1,42.07495198,10.3000
1626795088023000,1,105.17839187,10.3000
1626795088023000,1,273.45665615,10.3000
1626795088030000,1,0.00930729,10.3000
1626795096916000,1,37.40000000,10.2900
1626795096970000,1,0.00464118,10.2900
1626795152795000,1,36.90920353,10.3100
1626795152795000,1,92.25684444,10.3100
1626795166998000,1,35.38000000,10.3300
1626795188160000,1,35.02000000,10.3200
1626795243144000,1,26.55000000,10.3400
1626795409557000,1,21.38000000,10.3100
1626795409708000,1,0.00462629,10.3100
1626795471657000,1,21.12000000,10.3300
1626795471721000,1,0.00170511,10.3300
1626795626041000,1,52.15256894,10.3300
1626795626041000,1,13.30743106,10.3300
1626795626053000,1,7.55803521,10.3300
1626795822031000,1,20.06000000,10.3300
1626795822074000,1,0.00440234,10.3300
1626795841184000,0,83.80798208,10.3200
1626795962263000,1,20.36204633,10.3300
1626795962307000,1,0.41555197,10.3300
1626795969794000,1,20.78604889,10.3200
1626796209356000,0,99.75000000,10.3200
1626796242173000,1,18.08466450,10.2900
1626796335004000,0,209.83727801,10.3000
1626796335004000,0,83.99199452,10.3000
1626796393859000,1,22.29000000,10.3000
1626796393913000,1,0.00518547,10.3000
1626796706272000,1,21.98286202,10.3200
1626796818879000,1,20.86114953,10.3300
1626796838155000,1,20.61824194,10.3400
1626796838155000,1,51.54175806,10.3400
1626796838169000,1,0.00384678,10.3400
1626796846767000,1,20.61824194,10.3300
1626796846767000,1,49.56031269,10.3300
1626796878005000,1,19.98012848,10.3300
1626796885633000,0,209.34837317,10.3300
1626796885633000,0,83.74162683,10.3300
1626796885689000,0,0.00095372,10.3300
1626796888136000,0,209.04870006,10.3500
1626796888136000,0,83.59521770,10.3500
1626796897704000,1,27.24260401,10.3500
1626796931639000,1,26.89000000,10.3600
1626796931680000,1,0.00916204,10.3600
1626796938998000,1,26.57000000,10.3700
1626796939034000,1,0.00559440,10.3700
1626796959796000,1,104.90000000,10.3600
1626796969485000,1,26.31000000,10.3500
1626796969515000,1,0.00113162,10.3500
1626796971272000,1,26.31000000,10.3400
1626796971273000,1,0.00113162,10.3400
1626796975888000,1,26.06000000,10.3400
1626796975909000,1,0.00162117,10.3400
1626796983125000,1,65.81000000,10.3300
1626796983306000,1,0.00863914,10.3300
1626796989238000,1,61.94032185,10.3200
1626796989238000,1,24.76967815,10.3200
1626796989250000,1,0.00641755,10.3200
1626796990328000,1,24.77609570,10.3100
1626797001735000,1,20.14000000,10.3000
1626797026394000,1,21.15000000,10.3100
1626797031033000,1,20.68000000,10.3100
1626797031150000,1,0.00193558,10.3100
1626797044106000,1,20.69082087,10.3100
1626797044106000,1,6.10917913,10.3100
1626797058078000,1,20.38000000,10.3100
1626797058078000,1,0.00767627,10.3100
1626797084113000,1,20.15000000,10.3100
1626797084245000,1,0.00749927,10.3100
1626797124919000,1,19.91000000,10.3200
1626797137784000,0,104.78161048,10.3300
1626797336796000,0,83.95822856,10.3000
1626797336796000,0,209.93226901,10.3000
1626797617823000,1,86.94000000,10.3000
1626797617869000,1,11.97141689,10.3000
1626797617869000,1,23.01436086,10.3000
1626797642232000,1,22.77000000,10.3000
1626797642243000,1,0.00593041,10.3000
1626798362859000,1,22.57838115,10.2700
1626798479064000,1,444.00000000,10.2700
1626798705792000,1,22.32873720,10.2700
1626798705792000,1,55.81749516,10.2700
1626798705792000,1,107.18376764,10.2700
1626798705794000,1,0.00038391,10.2700
1626799463343000,1,21.53372857,10.2300
1626799550912000,1,53.23275009,10.2200
1626799550912000,1,21.29351636,10.2200
1626799580826000,1,20.51000000,10.2000
1626800111612000,1,20.30495157,10.1800
1626800120377000,0,2.44157200,10.1800
1626800145018000,0,84.93000000,10.1700
1626800396811000,1,17.39999999,10.1300
1626800396811000,1,0.00000001,10.1300
1626800439557000,1,21.12143645,10.1500
1626800439557000,1,52.82127031,10.1500
1626800628498000,1,20.36000000,10.1200
1626800675565000,0,85.37000000,10.1200
1626800675567000,0,0.00197105,10.1200
1626800774946000,0,35.58000000,10.1300
1626800774984000,0,64.90862584,10.1300
1626800992786000,1,21.07408504,10.1300
1626801134512000,1,97.43000000,10.1300
1626801484148000,1,20.84000000,10.1300
1626801484164000,1,0.00028628,10.1300
1626801986670000,1,20.52232406,10.1700
1626802117407000,1,20.31219122,10.1600
1626802133117000,0,85.10000000,10.1600
1626802346933000,1,21.03000000,10.1600
1626802435034000,1,20.82000000,10.1500
1626802435052000,1,0.00135382,10.1500
1626803636804000,1,20.16188519,10.1600
1626803679665000,0,105.28872397,10.1700
1626803718377000,1,20.30000000,10.1800
1626803718391000,1,0.00568858,10.1800
1626803923098000,1,20.55546629,10.1600
1626803972072000,1,20.32000000,10.1600
1626803972103000,1,0.00457701,10.1600
1626804043472000,1,20.03000000,10.1900
1626804043478000,1,0.00749607,10.1900
1626804050790000,0,84.91000000,10.1900
1626804050806000,0,0.00490778,10.1900
1626804113688000,1,8.59000000,10.1800
1626804113765000,1,97.61303312,10.1800
1626804602199000,0,618.00000000,10.2100
1626804611463000,1,20.66548366,10.2400
1626804611463000,1,9.90451634,10.2400
1626804616398000,1,20.25217399,10.2300
1626804616444000,1,0.41330967,10.2300
1626804623189000,1,20.12000000,10.2200
1626804689046000,0,39.43000000,10.2200
1626804858473000,1,20.32000000,10.2200
1626804858514000,1,0.00677803,10.2200
1626805148366000,1,50.08504539,10.2500
1626805148366000,1,20.02495461,10.2500
1626805148430000,1,0.00906354,10.2500
1626805309713000,0,84.65000000,10.2200
1626805309740000,0,0.00644621,10.2200
1626805448065000,1,20.23565298,10.2400
1626805488269000,0,82.87720070,10.2300
1626806148803000,1,20.11358211,10.2400
1626806237913000,0,12.22000000,10.2500
1626806237964000,0,72.24618791,10.2500
1626806242197000,1,20.81000000,10.2500
1626806242236000,1,0.00982782,10.2500
1626807146591000,1,19.00000000,10.2600
1626807146599000,1,0.00088816,10.2600
1626807496924000,0,84.32000000,10.2600
1626807529265000,0,5.21000000,10.2700
1626807529273000,0,79.01931455,10.2700
1626807580777000,1,20.68000000,10.2600
1626807580793000,1,0.00421899,10.2600
1626807886445000,1,20.53030336,10.2200
1626808320874000,1,20.27000000,10.2300
1626808357838000,0,84.54603182,10.2300
1626808684447000,1,22.83000000,10.2600
1626808684451000,1,0.00720398,10.2600
1626808924283000,0,96.26908903,10.3200
1626809156503000,1,102.66194505,10.2900
1626809156503000,1,22.47805495,10.2900
1626809303694000,1,22.21000000,10.3000
1626809465659000,1,21.96176895,10.3000
1626809465659000,1,54.88823105,10.3000
1626809465717000,1,0.00979555,10.3000
1626809967240000,1,137.07928852,10.2900
1626809967240000,1,52.74643122,10.2900
1626809967240000,1,21.09428026,10.2900
1626810017062000,1,18.74000000,10.2900
1626810017100000,1,0.00342523,10.2900
1626810122898000,0,84.09612935,10.2800
1626810146942000,0,126.61000000,10.2900
1626810292920000,1,20.90000000,10.2900
1626810819151000,1,20.64903463,10.3000
1626811022877000,1,20.47000000,10.2600
1626811250390000,0,106.29182046,10.2800
1626811350061000,1,19.88000000,10.2800
1626811350137000,1,0.00894896,10.2800
1626811362278000,1,19.67000000,10.2800
1626811362325000,1,0.00910725,10.2800
1626811409033000,1,19.41000000,10.3000
1626811409051000,1,0.00992316,10.3000
1626811502752000,1,19.16000000,10.3200
1626811502782000,1,0.00533196,10.3200
1626811502900000,1,19.16000000,10.3200
1626811513330000,1,19.16533196,10.3100
1626811753839000,0,2.69936459,10.3400
1626811990854000,1,18.48000000,10.3400
1626811990936000,1,0.00393496,10.3400
1626812574083000,1,15.90000000,10.3200
1626812574088000,1,1.42361997,10.3200
1626812685030000,1,17.11000000,10.3300
1626812685080000,1,0.00344825,10.3300
1626812802418000,1,16.36000000,10.3400
1626812802450000,1,0.00976830,10.3400
1626812834383000,1,16.20000000,10.3200
1626812834459000,1,0.00438725,10.3200
1626813012348000,1,16.03000000,10.3200
1626813012469000,1,0.00649366,10.3200
1626813099203000,1,15.85000000,10.3200
1626813099222000,1,0.00143157,10.3200
1626813156847000,1,14.79000000,10.3100
1626813156880000,1,0.00428835,10.3100
1626813168650000,1,14.80176107,10.3000
1626813310031000,1,35.98070488,10.3200
1626813310031000,1,14.37929512,10.3200
1626813310098000,1,0.00824941,10.3200
1626813831580000,1,13.52000000,10.3100
1626814027745000,1,13.38000000,10.3000
1626814027793000,1,0.00885195,10.3000
1626814112704000,1,13.24000000,10.2900
1626814112747000,1,0.00208282,10.2900
1626814202508000,0,84.04316582,10.2900
1626814250664000,1,14.05297518,10.2800
1626814845814000,1,11.07288825,10.2600
1626814920638000,0,84.25000000,10.2600
1626815142055000,1,11.87000000,10.2800
1626815292145000,1,11.71000000,10.3000
1626815292270000,1,0.00670072,10.3000
1626815359482000,1,28.96559381,10.2900
1626815359482000,1,11.58440619,10.2900
1626815359573000,1,0.00498148,10.2900
1626815426930000,1,11.08000000,10.2900
1626815426948000,1,0.00931539,10.2900
1626815553745000,0,13.01000000,10.2400
1626815645007000,0,5.82000000,10.2400
1626815645056000,0,78.62883484,10.2400
1626815705211000,0,84.42970810,10.2500
1626815844526000,0,5.96000000,10.2500
1626815895049000,1,14.45000000,10.2500
1626815895051000,1,0.00221521,10.2500
1626815936558000,1,14.28000000,10.2500
1626815936595000,1,0.00986209,10.2500
1626816016017000,0,4.47000000,10.2500
1626816100315000,0,84.32918169,10.2500
1626816378160000,0,3.35200000,10.2500
1626816576231000,1,15.18132496,10.2300
1626816576475000,1,98.73331439,10.2200
1626816576475000,1,37.98373263,10.2200
1626816577734000,1,585.00000000,10.2100
1626816583026000,1,34.89062260,10.1900
1626816583026000,1,13.95624904,10.1900
1626816583026000,1,17.31009825,10.1900
1626816583290000,1,69.51000000,10.1900
1626816583292000,1,0.00372065,10.1900
1626816583647000,1,33.39864691,10.1800
1626816583647000,1,20.11546849,10.1800
1626816583648000,1,66.70835041,10.1800
1626816583648000,1,13.35945876,10.1800
1626816822167000,1,96.95000000,10.1800
1626816855878000,1,63.83208628,10.1700
1626816855878000,1,24.55600457,10.1700
1626816855878000,1,9.82491084,10.1700
1626816856497000,1,9.82858017,10.1500
1626816856497000,1,24.57145042,10.1500
1626816856497000,1,63.87996941,10.1500
1626816900611000,0,2.51400000,10.1400
1626816952263000,1,7.67463489,10.1400
1626816952263000,1,19.18507373,10.1400
1626817295616000,1,8.21587825,10.1700
1626818033268000,0,211.99214915,10.2100
1626818033268000,0,65.87785085,10.2100
1626818033300000,0,18.90237977,10.2100
1626818042860000,1,13.38285866,10.2100
1626818191818000,1,12.73000000,10.1900
1626818191857000,1,0.00469883,10.1900
1626818425045000,0,11.00000000,10.1900
1626818643649000,1,13.23781798,10.1900
1626818692496000,1,88.27361229,10.1900
1626818692496000,1,33.95499713,10.1900
1626818692496000,1,13.58139058,10.1900
1626818692581000,1,0.00460392,10.1900
1626818713777000,1,11.90747283,10.1900
1626818713777000,1,29.76252717,10.1900
1626818713790000,1,0.00615492,10.1900
1626818727645000,1,11.44000000,10.1900
1626818727670000,1,0.00443776,10.1900
1626818742521000,1,11.31000000,10.1900
1626818742564000,1,0.00750739,10.1900
1626818825488000,1,10.95598295,10.1900
1626818825490000,1,0.22359149,10.1900
1626819154672000,1,11.09000000,10.1600
1626819154800000,1,0.00785835,10.1600
1626819263226000,0,6.60000000,10.1300
1626819264595000,0,6.60000000,10.1400
1626819352472000,1,9.82222025,10.1500
1626819663363000,1,9.71170642,10.1500
1626819923345000,0,85.24264374,10.1500
1626819924259000,0,4.90000000,10.1600
1626820157490000,1,10.62000000,10.1400
1626820157546000,1,0.00620676,10.1400
1626820162571000,0,2.80000000,10.1500
1626820206905000,0,3.00000000,10.1500
1626820213927000,0,2.30000000,10.1500
1626820526535000,1,10.52741137,10.1200
1626820526535000,1,26.31696826,10.1200
1626820556812000,0,53.97000000,10.1100
1626820556852000,0,31.55147425,10.1100
1626820605667000,0,85.46000000,10.1200
1626820626859000,1,12.03000000,10.1100
1626820626895000,1,0.00895887,10.1100
1626820694239000,0,24.07000000,10.1000
1626820694249000,0,61.55289161,10.1000
1626820739110000,1,12.83380069,10.1000
1626820743010000,1,12.69000000,10.1000
1626820743016000,1,0.00091791,10.1000
1626820781241000,0,85.56000000,10.1100
1626820781245000,0,0.00127296,10.1100
1626820789694000,0,85.48000000,10.1100
1626820789713000,0,0.00342229,10.1100
1626820819484000,1,14.45000000,10.1100
1626820819495000,1,0.00900508,10.1100
1626820922132000,1,19.20476768,10.1100
1626820922132000,1,48.01191921,10.1100
1626821127265000,1,18.47000000,10.0900
1626821168828000,1,18.20000000,10.0800
1626821184831000,1,45.50631358,10.0700
1626821184831000,1,18.21480662,10.0700
1626821430227000,0,39.84000000,10.0800
1626821431316000,1,17.68000000,10.0800
1626821431371000,1,0.00113839,10.0800
1626821445321000,1,17.68113839,10.0700
1626821463444000,1,114.27287582,10.0400
1626821463444000,1,44.46208818,10.0400
1626821463444000,1,17.78872940,10.0400
1626821476310000,0,86.16461761,10.0400
1626821517172000,0,86.11139990,10.0400
1626821559612000,1,18.14000000,10.0500
1626821559683000,1,0.00030605,10.0500
1626821560918000,1,45.35527700,10.0400
1626821560918000,1,18.15472300,10.0400
1626821805986000,1,109.42505976,10.0500
1626821822530000,1,100.50000000,10.0400
1626821822579000,1,0.00304933,10.0400
1626821865179000,1,109.43000000,10.0500
1626822000892000,1,109.42898065,10.0500
1626822000892000,1,104.40101935,10.0500
1626822000946000,1,0.00355286,10.0500
1626822057961000,1,80.74000000,10.0500
1626822057971000,1,28.65663927,10.0500
1626822098108000,1,20.62039553,10.0800
1626822098108000,1,51.55303406,10.0800
1626822198165000,1,19.83525052,10.0600
1626822244424000,0,85.91601903,10.0700
1626822253370000,1,20.57708321,10.0700
1626822276705000,1,20.57708321,10.0600
1626822315657000,0,85.84000000,10.0800
1626822315663000,0,0.00890587,10.0800
1626822374161000,1,21.06115470,10.0700
1626822543744000,1,20.63485841,10.0500
1626822670655000,0,20.51000000,10.0600
1626822670815000,0,65.48000000,10.0600
1626822670973000,0,0.00177488,10.0600
1626822940824000,0,20.69000000,10.0700
1626822941009000,0,80.90259041,10.0700
1626822949298000,0,85.85000000,10.0700
1626822949302000,0,0.00418874,10.0700
1626823100746000,1,19.82000000,10.0900
1626823100760000,1,0.00138610,10.0900
1626823252032000,0,85.61179122,10.1000
1626823259594000,1,20.54625690,10.1000
1626823522179000,1,20.35000000,10.0800
1626823522182000,1,0.00212157,10.0800
1626823524872000,1,50.88737090,10.0700
1626823524872000,1,20.35656403,10.0700
1626823627892000,1,19.32000000,10.0800
1626823627965000,1,0.00350775,10.0800
1626823939000000,0,194.14000000,10.1200
1626823941050000,0,525.00000000,10.1300
1626823941050000,0,101.86000000,10.1300
1626823941239000,0,0.00798569,10.1300
1626823957018000,1,21.17000000,10.1300
1626824021639000,1,20.14837605,10.1100
1626824036007000,1,19.94000000,10.1100
1626824036014000,1,0.00081082,10.1100
1626824150857000,1,19.71957227,10.1100
1626824613870000,0,85.48000000,10.1200
1626824613943000,0,0.00662154,10.1200
1626824687254000,1,18.92000000,10.1200
1626824687385000,1,0.00661051,10.1200
1626824709441000,0,37.67000000,10.1300
1626824715613000,0,3.86000000,10.1400
1626824715660000,0,81.45198322,10.1400
1626824787156000,1,21.00700344,10.1400
1626824849694000,1,20.78757792,10.1300
1626824878147000,1,20.57050449,10.1200
1626825058247000,1,50.45970312,10.0800
1626825058247000,1,20.18029688,10.0800
1626825058273000,1,0.00758601,10.0800
1626825161905000,0,85.64929200,10.1000
1626825182653000,1,73.08171919,10.0800
