timestamp ms,type,amount,price
1626912981848000,1,20.78648134,11.1800
1626912981848000,1,26.02130477,11.1800
1626914401649000,1,96.86611518,11.1900
1626915251347000,1,101.38848280,11.0800
1626915351776000,0,97.81892620,11.0900
1626915352117000,0,1.99630462,11.0900
1626916517614000,0,29.88185832,11.0100
1626916531881000,0,0.00000001,11.0100
1626916531881000,0,12.64971404,11.0100
1626916578107000,0,19.95162719,11.0000
1626916578109000,0,0.00000001,11.0000
1626916578110000,0,19.93622018,11.0100
1626916578110000,0,17.84648715,11.0100
1626916578110000,0,4.39013194,11.0100
1626916834485000,0,105.28000000,11.0200
1626916834512000,0,0.00725675,11.0200
1626917664759000,0,9.91860425,11.0600
1626917664759000,0,169.21986147,11.0600
1626917664828000,0,81.86000000,11.0600
1626917664838000,0,81.41000000,11.0600
1626917667029000,0,95.67464225,11.1000
1626918173355000,0,99.79000000,11.0400
1626918173471000,0,0.00880680,11.0400
1626918298072000,0,39.62635551,11.0600
1626919369290000,0,39.54910780,11.0800
1626923552575000,0,2.47119955,11.1800
1626929170058000,0,600.00000000,11.1600
1626930091889000,0,15.77800000,11.1600
1626930092182000,0,25.97000000,11.1600
1626930092208000,0,597.25200000,11.1600
1626931497053000,0,9.17200000,11.0700
1626931497062000,0,5.20000000,11.0700
1626936063553000,1,16.10000000,11.1400
1626936545685000,0,77.45000000,11.0900
1626936546451000,0,7.20000000,11.1000
1626936563975000,0,77.43357632,11.1000
1626936563975000,0,193.43521137,11.1000
1626936565101000,0,5.40000000,11.1100
1626936891157000,0,77.25000000,11.1200
1626936891194000,0,0.00050974,11.1200
1626937087157000,0,330.27000000,11.1500
1626937087170000,0,19.20000000,11.1500
1626937087209000,0,151.41272466,11.1500
1626937087209000,0,192.60206572,11.1500
1626937087209000,0,77.02699273,11.1500
1626938022459000,0,672.00000000,11.1900
1626938585533000,0,558.00000000,11.2600
1626940444354000,0,9.36000000,11.1100
1626940444470000,0,67.85181494,11.1100
1626940537873000,1,18.91110039,11.1100
1626940537873000,1,47.27690019,11.1100
1626940537873000,1,122.88859866,11.1100
1626940537873000,1,42.94621097,11.1000
1626940688850000,0,77.00000000,11.1400
1626940688851000,0,0.00657741,11.1400
1626940924218000,0,406.61000000,11.1200
1626940924268000,0,181.39000000,11.1200
1626940926416000,0,12.65000000,11.1300
1626940926417000,0,67.15000000,11.1300
1626940926465000,0,228.27000000,11.1300
1626942125954000,0,76.34000000,11.2300
1626942125970000,0,0.00437014,11.2300
1626942230786000,0,76.21000000,11.2500
1626942230845000,0,0.00556840,11.2500
1626942367259000,0,76.04000000,11.2800
1626942367283000,0,0.00931872,11.2800
1626942488954000,0,103.40623078,11.3000
1626942488954000,0,75.90376922,11.3000
1626942489006000,0,0.00795365,11.3000
1626942699836000,1,102.94686600,11.2800
1626946702286000,0,194.08532877,11.0500
1626946702286000,0,77.63467123,11.0500
1626946702413000,0,0.00085021,11.0500
1626946790007000,1,7.66871166,11.0200
1626952077087000,0,2.70000000,11.1200
1626952200314000,0,70.83000000,11.1400
1626952200366000,0,6.02544468,11.1400
1626952200366000,0,192.13516437,11.1400
1626952319540000,1,15.40000000,11.1100
1626952718029000,0,77.54000000,11.0500
1626952718051000,0,0.00442270,11.0500
1626954607567000,0,4.18852000,11.1000
1626954639959000,0,72.72000000,11.1100
1626954705812000,0,77.22000000,11.1000
1626954705840000,0,0.00462774,11.1000
1626956783702000,0,78.40531430,10.9100
1626956783702000,0,196.03468570,10.9100
1626956960971000,0,64.25557375,10.9000
1626956961733000,0,1.31133824,10.9000
1626957009915000,0,2.09400000,10.9000
1626957010176000,0,2.00000000,10.9000
1626957084351000,0,69.36000000,10.8900
1626957084355000,0,0.00576707,10.8900
1626957484378000,0,77.78000000,11.0100
1626957604170000,1,16.20000000,11.0900
1626957680788000,0,31.23000000,11.1000
1626957680858000,0,45.95529278,11.1000
1626957851643000,0,77.01833873,11.1200
1626957851643000,0,106.36166127,11.1200
1626958264873000,1,15.70000000,11.1000
1626959009439000,1,98.89296711,11.1600
1626960348193000,0,77.05000000,11.1300
1626960348201000,0,0.00065979,11.1300
1626960575158000,0,76.99000000,11.1400
1626961409782000,1,18.53694377,11.1200
1626962330657000,0,77.26217827,11.1100
1626962770938000,1,15.60000000,11.1000
1626964365355000,0,14.65000000,11.1000
1626964365370000,0,62.55366887,11.1000
1626964709776000,1,15.30000000,11.1900
1626968510662000,0,19.21000000,11.3900
1626969237495000,1,129.22625803,11.5500
1626969237545000,1,308.77374197,11.5500
1626969334335000,1,96.80339052,11.5300
1626969775622000,1,24.70000000,11.7600
1626969778440000,1,14.50000000,11.7400
1626969789121000,1,15.40000000,11.7000
1626969818724000,1,42.82872075,11.6800
1626969818724000,1,17.13148830,11.6800
1626969848063000,1,15.00000000,11.6700
1626969865373000,0,54.67000000,11.6400
1626969931477000,0,45.17734205,11.6200
1626969931477000,0,9.40283149,11.6200
1626969931477000,0,71.66385548,11.6200
1626969931496000,0,5.54000000,11.6200
1626969931603000,0,36.71970145,11.6200
1626969931603000,0,296.19180795,11.6200
1626969931603000,0,9.40283149,11.6200
1626969958010000,0,266.48000000,11.6200
1626969958050000,0,1167.78068067,11.6200
1626970140160000,0,99.19295277,11.6100
1626970154588000,1,15.50000000,11.6000
1626970182607000,1,22.08160395,11.6000
1626970182692000,1,0.00000001,11.6000
1626970454483000,1,17.20000000,11.5600
1626971301605000,1,5.00000000,11.4900
1626973746035000,0,46.17320299,11.6500
1626973776203000,0,45.41000000,11.6800
1626973776241000,0,0.00364813,11.6800
1626974858144000,0,62.00000000,11.6400
1626974858161000,0,0.00644707,11.6400
1626975078337000,1,15.00000000,11.6200
1626975601209000,0,69.37000000,11.6200
1626975601307000,0,0.00802735,11.6200
1626975861517000,0,72.09000000,11.6000
1626976139611000,1,2.00000000,11.6400
1626976167525000,1,14.80000000,11.6200
1626976701712000,1,15.40000000,11.6500
1626976743486000,0,32.63000000,11.6600
1626976743506000,0,35.77419925,11.6600
1626976814970000,0,167.78580038,11.7000
1626976814970000,0,66.77419962,11.7000
1626977041467000,1,92.59705529,11.6600
1626977053201000,1,15.30000000,11.6400
1626977144199000,1,112.12919914,11.6000
1626977144199000,1,43.13723226,11.6000
1626977144199000,1,17.25786553,11.6000
1626977174404000,0,58.79000000,11.6000
1626977174430000,0,125.50054394,11.6000
1626977243137000,0,54.04000000,11.6300
1626977302513000,1,15.30000000,11.6400
1626977583712000,1,15.30000000,11.7100
1626977665168000,1,14.80000000,11.7100
1626977856730000,0,68.38000000,11.6600
1626978063735000,0,62.18000000,11.6400
1626978063762000,0,73.72717001,11.6400
1626978063762000,0,353.47474920,11.6400
1626978063762000,0,54.39528183,11.6400
1626978804508000,1,15.20000000,11.6100
1626979293241000,1,15.50000000,11.6400
1626980295447000,1,15.10000000,11.6100
1626983016694000,1,15.00000000,11.6200
1626984142098000,0,37.51460842,11.6400
1626984166971000,0,96.99528460,11.6900
1626984974379000,1,3.10890151,11.6800
1626985545267000,1,99.84408500,11.6800
1626985545267000,1,15.10000000,11.6800
1626986542266000,0,16.97952218,11.7200
1626987756363000,0,18.67000000,11.6900
1626987756402000,0,0.00908490,11.6900
1626987757126000,0,18.72000000,11.6900
1626987757170000,0,0.00004606,11.6900
1626987772869000,1,18.84499123,11.6900
1626987891786000,0,9.32000000,11.6900
1626987892606000,0,0.00967635,11.6900
1626987900140000,0,9.32000000,11.6900
1626987924422000,0,9.32000000,11.6900
1626987924460000,0,0.00842905,11.6900
1626987925125000,0,9.32875015,11.6900
1626987931679000,0,9.32000000,11.7000
1626987931839000,0,0.00967635,11.7000
1626987932213000,0,9.14308282,11.7000
1626987932413000,0,0.18659353,11.7000
1626987933841000,0,9.32000000,11.7000
1626987957515000,1,18.53087736,11.6900
1626991143331000,0,74.10000000,11.5300
1626991143345000,0,0.00973231,11.5300
1626991203727000,0,482.92450512,11.5100
1626991203727000,0,185.83540152,11.5100
1626991203727000,0,74.31009336,11.5100
1626991203764000,0,0.00981328,11.5100
1626991204103000,0,74.20118887,11.5200
1626991204783000,0,74.14711763,11.5400
1626991204783000,0,185.35288237,11.5400
1626991206240000,0,73.97769131,11.5600
1626992236935000,1,73.66961640,11.5400
1626992236935000,1,29.47021542,11.5400
1626996336220000,1,27.57236008,11.5900
1626996336220000,1,66.85011623,11.5900
1627006709932000,1,17.49892481,11.8700
1627006709932000,1,91.37989253,11.8600
1627006709932000,1,94.81008951,11.8600
1627006709932000,1,43.74510082,11.8600
1627006709932000,1,113.76357314,11.8600
1627006709932000,1,91.45441256,11.8500
1627006709932000,1,11.00000000,11.8500
1627006709932000,1,91.52095241,11.8400
1627006709932000,1,39.99705422,11.8400
1627006710115000,1,91.37989253,11.8600
1627006710115000,1,49.56854000,11.8500
1627006710651000,1,11.00000000,11.8500
1627006798971000,1,75.70000000,11.8800
1627006926304000,0,72.39000000,11.8600
1627007051189000,0,27.58000000,11.8700
1627007051214000,0,0.00216831,11.8700
1627007058497000,0,13.57000000,11.8800
1627007058900000,0,91.13515382,11.8800
1627007079537000,1,14.33622159,11.8800
1627007329368000,1,13.47484398,11.8700
1627007346873000,0,91.90000000,11.8700
1627007346958000,0,0.00750795,11.8700
1627007347472000,1,13.32708930,11.8700
1627007727986000,0,39.70000000,11.8300
1627007728031000,0,10.00842000,11.8300
1627007745207000,0,92.18827261,11.8400
1627007745207000,0,93.00324486,11.8400
1627007745207000,0,22.77637821,11.8500
1627007757320000,0,69.36034313,11.8500
1627007772887000,0,70.11639034,11.8600
1627007781473000,0,90.17000000,11.8700
1627010173538000,0,180.68082832,11.8500
1627010173538000,0,72.23917168,11.8500
1627010173584000,0,0.00431176,11.8500
1627010210677000,0,72.18000000,11.8600
1627010210691000,0,0.00739757,11.8600
1627010298886000,1,28.45063373,11.8700
1627010298886000,1,10.94328811,11.8700
1627010298886000,1,4.37901036,11.8700
1627010316139000,1,30.12331081,11.8400
1627010335999000,0,72.24000000,11.8500
1627010336039000,0,0.00260522,11.8500
1627010385635000,0,72.32242145,11.8300
1627010385635000,0,25.66120138,11.8300
1627010385979000,0,1.99966577,11.8300
1627010657402000,0,71.09212708,11.7900
1627010657434000,0,1.45085974,11.7900
1627010986315000,0,71.03130723,11.8100
1627013451769000,0,72.48494029,11.8100
1627013452142000,0,33.85432958,11.8200
1627013452298000,0,92.62718077,11.8200
1627013452327000,0,25.98330503,11.8200
1627013452497000,0,387.53518462,11.8200
1627014311228000,0,71.81000000,11.9100
1627014311266000,0,0.00632507,11.9100
1627015672081000,1,20.80399410,11.8500
1627016264682000,0,7.48328000,11.9300
1627016265147000,0,4.07578278,11.9300
1627016265195000,0,54.13520000,11.9300
1627016266113000,0,24.50000000,11.9300
1627016266144000,0,4.07573313,11.9300
1627020154287000,0,32.15498776,11.8400
1627020338620000,0,70.88577118,11.8200
1627020338651000,0,1.44664839,11.8200
1627021624269000,0,72.43215623,11.8200
1627021708751000,0,46.64800000,11.8100
1627021708778000,0,25.80560858,11.8100
1627022904663000,0,72.26000000,11.8400
1627023019860000,1,16.85682079,11.8300
1627027322081000,0,95.51195014,11.7400
1627028421367000,1,96.93843366,11.7000
1627028696538000,0,53.96000000,11.6500
1627028696544000,0,19.71694520,11.6500
1627031256717000,0,73.72000000,11.6400
1627031256745000,0,0.00249782,11.6400
1627031415068000,0,24.93316000,11.6200
1627031888285000,1,15.30000000,11.6300
1627032677399000,0,73.68000000,11.6300
1627032677401000,0,0.00035834,11.6300
1627033603513000,1,15.10000000,11.5900
1627034020129000,1,15.20000000,11.5700
1627034402500000,1,23.98627306,11.5500
1627034725590000,1,20.95078365,11.5200
1627034725590000,1,94.79801236,11.5100
1627034725590000,1,26.42652135,11.5100
1627037284468000,1,14.70000000,11.5700
1627037460161000,1,15.60000000,11.5400
1627037835019000,1,15.10000000,11.5400
1627038310553000,1,15.10000000,11.6400
1627038468085000,1,14.80000000,11.6900
1627038856690000,1,15.40000000,11.6500
1627040077331000,1,15.00000000,11.6000
1627040118449000,0,73.85000000,11.6000
1627040118473000,0,0.00750676,11.6000
1627041312837000,0,74.14596919,11.5600
1627041313331000,0,185.24664535,11.5700
1627041313331000,0,48.91335465,11.5700
1627041313398000,0,25.13269797,11.5700
1627041596447000,1,15.70000000,11.5300
1627045475833000,0,72.74389043,11.5300
1627045633789000,0,74.30750506,11.5100
1627046411945000,0,2.00000000,11.5300
1627046442051000,0,72.87453430,11.5000
1627046442114000,0,1.48723539,11.5000
1627047597784000,0,74.00000000,11.5600
1627047597790000,0,0.00464360,11.5600
1627047829506000,0,73.99099363,11.5600
1627048067131000,0,51.77000000,11.5800
1627048067138000,0,22.16907007,11.5800
1627048472018000,0,73.75000000,11.6200
1627048472037000,0,0.00639709,11.6200
1627048502688000,0,73.68000000,11.6300
1627048502719000,0,0.00148383,11.6300
1627048763552000,0,73.80000000,11.6100
1627048763618000,0,0.00200120,11.6100
1627048804124000,1,18.02031942,11.6100
1627052783745000,1,4.41659464,11.5000
1627052861161000,0,74.39000000,11.4900
1627054548663000,0,74.54000000,11.4700
1627054548715000,0,0.00608375,11.4700
1627054568606000,0,74.52000000,11.4800
1627054568649000,0,0.00529312,11.4800
1627055459000000,1,17.65749523,11.4200
1627055459000000,1,25.31813976,11.4200
1627055511897000,0,74.84000000,11.4200
1627055511908000,0,0.00605520,11.4200
1627055604807000,1,5.09628198,11.4000
1627055604857000,1,7.99001149,11.4000
1627055604907000,1,4.56930248,11.4000
1627055625224000,0,75.14000000,11.3800
1627055625265000,0,0.00934614,11.3800
1627056140077000,1,2.13207575,11.3500
1627056164806000,1,18.40275302,11.3300
1627056269523000,1,18.12001301,11.2900
1627056269523000,1,45.32570508,11.2900
1627056482036000,0,76.13000000,11.2300
1627056482042000,0,0.00013070,11.2300
1627056994234000,1,1434.00000000,11.1800
1627057319180000,1,15.90000000,11.1200
1627059417488000,1,19.01066377,11.1600
1627059454161000,1,99.82487898,11.1500
1627060272907000,1,18.21949617,11.1300
1627060866455000,1,15.70000000,11.1300
1627063014200000,0,76.25000000,11.2200
1627063014208000,0,0.00439008,11.2200
1627063288868000,1,16.20000000,11.1800
1627065379978000,1,15.40000000,11.2000
1627066449290000,1,18.52217684,11.1700
1627072930510000,0,9.64408169,11.3300
1627072930510000,0,7.03549862,11.3400
1627074252552000,0,75.52000000,11.3400
1627074252557000,0,0.00067364,11.3400
1627074627120000,0,19.25000000,11.3500
1627074627140000,0,0.00617812,11.3500
1627075024371000,0,75.05000000,11.4100
1627075024402000,0,0.00658898,11.4100
1627075426112000,0,75.11000000,11.4000
1627075426134000,0,0.00342820,11.4000
1627076818675000,1,15.20000000,11.4500
1627079858639000,0,73.17476805,11.7100
1627079858639000,0,182.95885919,11.7100
1627079858639000,0,475.80637276,11.7100
1627079858663000,0,0.00003045,11.7100
1627081328316000,0,355.07000000,11.7200
1627081328344000,0,12.34800000,11.7200
1627081328961000,0,76.58000000,11.7200
1627081328982000,0,0.00200000,11.7200
1627081880794000,1,14.80000000,11.8200
1627082169289000,0,10.64000000,11.8100
1627082169305000,0,26.35188445,11.8100
1627082180809000,0,36.99000000,11.8200
1627083010919000,1,14.90000000,11.8800
1627083013804000,1,14.40000000,11.8700
1627084002680000,0,27.25948488,12.0400
1627084002680000,0,30.59101345,12.0400
1627084795044000,0,18.18000000,12.0100
