timestamp ms,type,amount,price
1627257636308000,0,35.79378018,12.2000
1627257636308000,0,162.18918172,12.2000
1627257636331000,0,407.81081828,12.2000
1627257636445000,0,35.79378018,12.2000
1627257834287000,0,99.55000000,12.1500
1627257834438000,0,0.00063226,12.1500
1627257855078000,0,11.83000000,12.1600
1627257855289000,0,201.66338259,12.1600
1627257990344000,0,26.63000000,12.1800
1627257990391000,0,74.18876828,12.1800
1627258111221000,0,70.13000000,12.2200
1627258111328000,0,0.00748457,12.2200
1627258137734000,0,69.96000000,12.2500
1627258173593000,1,17.19802518,12.2300
1627258186580000,1,17.01870908,12.2200
1627258748932000,1,38.85237079,12.3600
1627258800917000,0,450.69060065,12.3800
1627258873179000,0,48.01000000,12.4200
1627258873190000,0,48.01000000,12.4200
1627258873234000,0,47.03000000,12.4200
1627259167837000,0,255.08000000,12.4700
1627259167838000,0,166.92000000,12.4700
1627260374525000,0,5.03000000,12.7200
1627260374525000,0,19.40140000,12.7200
1627260374717000,0,0.49860000,12.7200
1627260454489000,0,62.98912488,12.7100
1627260493880000,1,13.37063959,12.7700
1627260494272000,1,39.54096257,12.7700
1627260739996000,0,3.20804425,12.8600
1627260740034000,0,5.09600000,12.8600
1627261186552000,0,84.77407754,12.9000
1627261186552000,0,45.95238000,12.9000
1627261186716000,1,1029.27354246,12.9000
1627261242431000,0,76.34257894,13.0000
1627261244698000,0,112.46772232,13.0000
1627261255392000,0,26.64092150,13.0700
1627261257105000,0,95.87341293,13.0700
1627261264886000,0,45.95238000,13.1100
1627261317301000,0,100.54325362,13.3100
1627261319594000,0,45.95238000,13.3300
1627261332474000,0,45.95238000,13.3300
1627261400271000,1,45.50727000,13.2800
1627261446699000,0,52.79407513,13.3100
1627261446720000,0,0.00000001,13.3100
1627261450468000,0,10.95772250,13.3500
1627261623212000,1,103.48934964,13.1100
1627261713894000,0,45.50727000,13.0500
1627261714021000,1,45.50727000,13.0500
1627261734646000,0,98.76727663,13.0900
1627261866828000,0,4.41471157,13.1400
1627262237870000,0,82.91246190,13.1800
1627262237870000,0,44.39726000,13.1800
1627262237870000,0,47.71411184,13.1900
1627262237870000,0,33.25234870,13.1900
1627262237877000,0,28.79959139,13.1900
1627262238635000,0,44.39726000,13.1900
1627262355913000,1,82.91246190,13.1900
1627262366552000,1,40.43171470,13.1700
1627262366570000,1,0.00000001,13.1700
1627262534440000,0,4.19151923,13.1100
1627262548161000,0,94.30948136,13.1600
1627262797263000,1,206.83746653,13.3300
1627262922375000,1,368.00000000,13.4200
1627263060989000,1,416.00000000,13.4200
1627263274452000,1,560.00000000,13.4400
1627263278943000,1,98.68969545,13.4300
1627263649406000,0,24.80200029,13.6600
1627263664219000,0,95.75915904,13.6700
1627263664219000,0,80.17996902,13.6800
1627263664219000,0,74.99943423,13.6900
1627263771652000,0,21.92527472,13.6500
1627263785721000,0,43.22000000,13.6500
1627263785721000,0,0.00410000,13.6500
1627263837592000,1,66.40000000,13.6300
1627263842212000,1,99.13959405,13.6200
1627263934149000,1,43.81729000,13.4200
1627263934149000,1,13.20000000,13.4100
1627264054499000,1,43.54660573,13.4100
1627264309179000,1,542.00000000,13.3800
1627264368674000,0,102.29000000,13.4300
1627264769813000,1,100.31377256,13.4000
1627264869712000,1,356.00000000,13.4200
1627265426986000,1,12.80000000,13.3300
1627265960275000,1,13.40000000,13.4500
1627266016094000,1,95.90926044,13.3900
1627266172098000,1,4.00000000,13.3900
1627266463259000,0,99.98147296,13.4300
1627267160797000,1,16.54900681,13.5600
1627267444953000,1,4.00000000,13.4400
1627267445104000,1,93.65954968,13.4400
1627267569862000,0,49.45000000,13.4500
1627267569889000,0,47.07953203,13.4500
1627268382917000,0,398.00000000,13.4100
1627268702962000,0,63.96000000,13.4200
1627268758942000,0,6.16000000,13.4100
1627268759031000,0,57.83975029,13.4100
1627271319418000,1,12.60000000,13.4800
1627272095760000,0,44.41211790,13.6300
1627272095807000,0,11.90251535,13.6300
1627272095807000,0,7.24748465,13.6300
1627272095824000,0,306.75251535,13.6300
1627272619046000,0,63.06578400,13.6200
1627272619046000,0,150.42527327,13.6200
1627273134141000,0,16.04558077,13.6200
1627273134141000,0,0.00000001,13.6200
1627273204582000,0,15.96458079,13.6900
1627273204582000,0,15.96458079,13.7000
1627273204582000,0,43.21469000,13.7000
1627273204582000,0,25.46221343,13.7000
1627273204582000,0,39.06977061,13.7100
1627273605574000,1,18.90416998,13.6600
1627273605578000,1,10.03544779,13.6600
1627273605602000,1,7.10438308,13.6600
1627273605602000,1,2.91583057,13.6600
1627273605604000,1,10.01864938,13.6600
1627273605608000,1,1.48839438,13.6600
1627274078690000,1,22.58641764,13.5300
1627274601754000,0,508.00000000,13.6300
1627274603269000,0,409.34158944,13.6400
1627274603269000,0,157.45590413,13.6400
1627274603269000,0,62.96834459,13.6400
1627274732428000,0,23.99000000,13.7100
1627274732658000,0,259.02000000,13.7100
1627274733101000,0,124.99000000,13.7100
1627275620358000,0,64.72513858,13.5900
1627276748572000,0,4.00000000,13.6800
1627276770097000,1,4.00000000,13.6500
1627277125399000,1,97.81638167,13.7300
1627277125399000,1,12.40000000,13.7300
1627277133261000,1,13.10000000,13.7200
1627278613970000,0,1.96000000,13.8000
1627278613970000,0,0.04000000,13.8000
1627278705776000,1,99.21038321,13.7400
1627278910941000,0,23.73461903,13.8300
1627279230109000,0,94.17000000,13.9300
1627279230111000,0,0.00311643,13.9300
1627280139028000,1,12.30000000,14.0600
1627280257813000,0,396.00000000,14.0600
1627280290563000,0,5.29219858,14.1000
1627280554542000,1,4.97100000,14.1600
1627280562479000,1,5.43900000,14.1300
1627280573343000,1,5.43400000,14.1500
1627280579541000,1,8.92200000,14.1600
1627280828960000,1,12.49999999,14.1500
1627280855904000,1,8.92200000,14.0900
1627280924106000,0,60.94551582,14.1000
1627280924677000,0,152.29060335,14.1100
1627280924677000,0,60.88501970,14.1100
1627281433197000,0,61.25374828,14.0300
1627281433197000,0,97.34625172,14.0300
1627281433250000,0,55.78202006,14.0300
1627281514010000,1,93.33209601,13.9800
1627281654119000,0,392.00000000,14.0200
1627281765251000,1,4.41659464,13.9800
1627281835261000,1,12.20000000,13.9700
1627282074801000,1,12.40000000,13.9400
1627282074801000,1,78.26122485,13.9400
1627282074801000,1,17.90557623,13.9300
1627282844418000,0,61.84000000,13.8800
1627282844457000,0,0.00423644,13.8800
1627282887990000,0,61.76000000,13.9000
1627282887991000,0,0.00097785,13.9000
1627283080669000,0,21.52000000,13.9400
1627283141744000,0,61.80000000,13.9000
1627283141806000,0,0.00112613,13.9000
1627283402358000,0,78.91000000,13.9000
1627283402360000,0,75.54350844,13.9000
1627283402360000,0,18.89649156,13.9000
1627283402361000,0,42.91053568,13.9000
1627286763823000,0,348.00000000,13.6300
1627286877984000,1,13.20000000,13.6000
1627286908211000,0,22.00000000,13.5900
1627286908270000,0,0.00308296,13.5900
1627286909012000,0,21.63000000,13.6000
1627286929814000,1,14.82890380,13.5800
1627286964362000,0,13.81000000,13.5900
1627286964468000,0,0.00088021,13.5900
1627286985298000,0,338.00000000,13.5900
1627287028191000,0,11.45520279,13.5400
1627287063019000,0,2.82000000,13.5600
1627287063026000,0,0.00453279,13.5600
1627287075125000,0,3.15000000,13.5800
1627287219241000,0,57.26000000,13.5700
1627288112808000,1,12.90000000,13.6600
1627288204347000,0,210.46000000,13.7000
1627288204426000,0,22.68000000,13.7000
1627288204520000,0,64.86000000,13.7000
1627288810694000,1,12.60000000,13.6600
1627289981704000,1,12.50000000,13.7600
1627290208246000,1,15.32368421,13.8200
1627290619099000,1,15.21918209,13.7600
1627290619099000,1,38.06232837,13.7600
1627291928496000,1,97.59861246,13.8300
1627291939339000,1,12.80000000,13.8200
1627293647205000,1,14.39767711,13.8400
1627293792122000,1,14.20899435,13.8600
1627294210916000,1,12.50000000,13.8200
1627294310494000,1,12.30000000,13.8400
1627294318869000,1,13.00000000,13.8300
1627294318869000,1,14.78082754,13.8300
1627294406842000,1,12.70000000,13.8200
1627294439698000,1,13.00000000,13.8100
1627294656168000,1,12.90000000,13.7700
1627295801827000,0,416.52000000,13.9000
1627295801828000,0,329.39000000,13.9000
1627295801901000,0,1093.14000000,13.9000
1627295802244000,0,377.04000000,13.9000
1627295802786000,0,0.00334401,13.9000
1627296021913000,0,7.65582413,13.9400
1627296067549000,0,7.82282555,13.9200
1627296067549000,0,7.82282555,13.9300
1627296067549000,0,94.90761662,13.9300
1627296067549000,0,484.00000000,13.9300
1627296067549000,0,29.81331472,13.9300
1627296075769000,0,15.31938133,13.9400
1627296124575000,0,42.63785000,13.9900
1627296124575000,0,9.92724300,13.9900
1627296168451000,0,7.78476366,14.0000
1627296168473000,0,0.00000001,14.0000
1627297108389000,1,12.70000000,13.9300
1627297119593000,0,7.81000000,13.9400
1627297120352000,0,153.31817522,13.9500
1627297120352000,0,44.22182478,13.9500
1627297151981000,1,93.99102159,13.9400
1627297165585000,0,58.09000000,13.9600
1627297166001000,0,389.91000000,13.9600
1627297203494000,1,12.80000000,14.0100
1627300470623000,0,158.37000000,13.9500
1627300470662000,0,1055.23000000,13.9500
1627300470681000,0,786.40000000,13.9500
1627301414231000,1,2.01236941,13.8200
1627301419872000,1,1314.78754607,13.8000
1627301421166000,1,68.47054731,13.8000
1627301421506000,1,720.65235894,13.8000
1627301422242000,1,43.83297089,13.8000
1627301423041000,1,143.96963686,13.8000
1627301423586000,1,3.56270712,13.8000
1627301423587000,1,143.96963686,13.8000
1627301424117000,1,36.73578033,13.8000
1627301424121000,1,375.52313387,13.8000
1627301424160000,1,13.26058074,13.8000
1627301424390000,1,31.58430163,13.8000
1627301424680000,1,95.96222100,13.8000
1627301424784000,1,25.31774133,13.8000
1627301424844000,1,22.85653701,13.8000
1627301424931000,1,22.58084500,13.8000
1627301425007000,1,39.51987892,13.8000
1627301425200000,1,329.41593280,13.8000
1627301425304000,1,42.46320000,13.8000
1627301425474000,1,4.60718375,13.8000
1627301426831000,1,5.97133952,13.8000
1627301427095000,1,87.46893300,13.8000
1627301427238000,1,95.96222100,13.8000
1627301427345000,1,173.23137228,13.8000
1627301427711000,1,78.84702682,13.8000
1627301428072000,1,38.40969421,13.8000
1627301428185000,1,57.61908800,13.8000
1627301428394000,1,49.91185364,13.8000
1627301428492000,1,27.61909300,13.8000
1627301428690000,1,18.82541400,13.8000
1627301428971000,1,62.38121909,13.8000
1627301429458000,1,1042.36389647,13.8000
1627301430024000,1,31.61089337,13.8000
1627301445890000,1,94.57524664,13.8100
1627301855480000,0,3.57306590,13.9600
1627302383085000,1,94.30000000,13.9700
1627302384214000,1,0.00498073,13.9700
1627302561270000,1,98.03000000,13.9700
1627302561311000,1,0.00224102,13.9700
1627302787748000,1,17.08000000,14.0100
1627303342664000,1,5.74966000,13.9500
1627303344597000,1,5.63500000,13.9500
1627303609600000,1,16.19000000,13.9300
1627303609630000,1,0.00045299,13.9300
1627303897090000,1,16.04375450,13.8900
1627303951705000,0,100.20000000,13.9300
1627304438959000,1,78.10708789,13.8800
1627304438959000,1,96.82401867,13.8800
1627304472204000,1,15.91000000,13.8400
1627304472238000,1,0.00281356,13.8400
1627304479331000,1,1169.48000000,13.8000
1627304479451000,1,1549.21000000,13.8000
1627304479457000,1,3083.69000000,13.8000
1627304479522000,1,31.84996231,13.8000
1627304480332000,1,916.47000000,13.8000
1627304481748000,1,0.00525286,13.8000
1627304485319000,1,15.82000000,13.7800
1627304485340000,1,0.00051556,13.7800
1627304549595000,1,15.63774646,13.7800
1627304549595000,1,42.57966000,13.7800
1627304574494000,1,15.30000000,13.7400
1627304575083000,1,0.00818072,13.7400
1627304799403000,0,7.40000000,13.7100
1627304799502000,0,86.25399877,13.7100
1627304899351000,1,14.83458133,13.7100
1627304899351000,1,37.09456522,13.7100
1627304942387000,1,14.28000000,13.6700
1627304987945000,1,58.05325595,13.6600
1627304988079000,1,79.36326683,13.6500
1627304988079000,1,34.98836991,13.6500
1627304988079000,1,14.65334487,13.6500
1627304999342000,1,14.11650792,13.6400
1627304999342000,1,79.44766026,13.6300
1627304999342000,1,4.25409826,13.6300
1627304999386000,1,87.52407527,13.6300
1627304999386000,1,35.28299262,13.6300
1627304999386000,1,79.50637013,13.6200
1627304999386000,1,79.57610173,13.6100
1627305068038000,0,79.90000000,13.6300
1627305068085000,0,0.00511079,13.6300
1627305189078000,1,98.92000000,13.5900
1627305189222000,1,0.00101382,13.5900
1627305226379000,1,12.81233506,13.5600
1627305226379000,1,13.30000000,13.5600
1627305226379000,1,32.05257495,13.5500
1627305226379000,1,72.97987870,13.5500
1627305226390000,1,10.35724891,13.5500
1627305226390000,1,80.16090349,13.5500
1627305226390000,1,9.64988142,13.5400
1627305226727000,1,12.81000000,13.5500
1627305226934000,1,0.00233506,13.5500
1627305226934000,1,12.60000000,13.5400
1627305226934000,1,2.02466494,13.5300
1627305244471000,0,63.14000000,13.5400
1627305244491000,0,0.00327576,13.5400
1627305321410000,0,37.47000000,13.5400
1627305321428000,0,25.70762474,13.5400
1627305351602000,0,4.71000000,13.6000
1627305429361000,1,11.95600000,13.6200
1627305429683000,1,4.90000000,13.6200
1627305430469000,1,77.53583841,13.6200
1627305493236000,0,55.07000000,13.6500
1627305493265000,0,4.70400000,13.6500
1627305493306000,0,2.85208844,13.6500
1627305610212000,1,64.56000000,13.6400
1627305610264000,1,36.45744971,13.6400
1627306255967000,1,98.59079272,13.6300
1627307305600000,0,7.96873219,13.6700
1627307305600000,0,9.13314283,13.6700
1627308973261000,1,13.13422000,13.8700
1627309079689000,1,15.28000000,13.8500
1627309079782000,1,0.00315576,13.8500
1627309194941000,0,9.61000000,13.8700
1627309195093000,0,195.39000000,13.8700
1627309886194000,1,37.96346955,13.7800
1627309886194000,1,15.01888215,13.7800
1627309886194000,1,96.55032768,13.7800
1627309911362000,1,13.22000000,13.7300
1627309912575000,1,86.00013908,13.7100
1627309912575000,1,33.05380622,13.7100
1627309912575000,1,13.23038422,13.7100
1627309912617000,1,0.00000001,13.7100
1627309959112000,0,62.51588114,13.6700
1627309966921000,0,62.46000000,13.6800
1627309966934000,0,0.00469631,13.6800
1627309993490000,1,12.86000000,13.7000
1627309993532000,1,0.00949160,13.7000
1627310036016000,1,12.71000000,13.7100
1627310262198000,1,12.58000000,13.7000
1627310352512000,1,12.46152454,13.6700
1627310435384000,0,62.47000000,13.6800
1627310435397000,0,0.00218012,13.6800
1627310455381000,1,100.14728083,13.6900
1627310473718000,1,13.04000000,13.6600
1627310473742000,1,0.00036340,13.6600
1627310485542000,1,12.89000000,13.6600
1627310812390000,0,62.46457759,13.6900
1627310812390000,0,405.87438324,13.7000
1627310812390000,0,156.10025167,13.7000
1627310812413000,0,438.00000000,13.7100
1627310812413000,0,11.00000000,13.7200
1627311246316000,1,19.51331243,13.7200
1627311246316000,1,48.76668757,13.7200
1627311246354000,1,0.00450840,13.7200
1627311566302000,1,46.91248194,13.6900
1627311566302000,1,18.76751806,13.6900
1627311566333000,1,0.00322648,13.6900
1627311620714000,1,18.04000000,13.6800
1627311630183000,1,97.37000000,13.6700
1627311630203000,1,0.00886710,13.6700
1627311630300000,1,44.66022137,13.6700
1627311796504000,1,13.15789473,13.7000
1627313086305000,1,2.00000000,13.8100
1627313723296000,0,31.20993643,13.9800
1627314040306000,0,99.46000000,13.9900
1627314040335000,0,0.00620326,13.9900
1627314174090000,1,16.57281626,14.0100
1627314443668000,1,98.67219856,14.0100
1627314967565000,0,23.25409464,14.0600
1627314967565000,0,23.23590536,14.0700
1627314967804000,0,11.58264699,14.0800
1627315014629000,1,16.31907376,14.0800
1627315040232000,0,15.42083598,14.1000
1627315076137000,1,40.22565978,14.1100
1627315076137000,1,16.08684700,14.1100
1627315256929000,1,15.42208891,14.1500
1627315256929000,1,14.33143329,14.1500
1627315256967000,1,24.20255693,14.1500
1627315600071000,0,41.53848000,14.0800
1627315600071000,0,44.49148118,14.0800
1627315640919000,0,95.29820246,14.1300
1627316463788000,0,60.77631657,14.0600
1627316463788000,0,151.94079141,14.0600
1627316463788000,0,395.04605768,14.0600
1627316875538000,0,14.50000000,14.2400
1627316875731000,0,419.50000000,14.2400
1627316943898000,1,630.00000000,14.2500
1627316944850000,1,548.00000000,14.2400
1627317630540000,0,63.70000000,14.1100
1627318004908000,0,94.40234510,14.1300
1627318348110000,0,16.75800000,14.0400
1627318348871000,0,13.74940000,14.0400
1627318423745000,1,18.13000000,14.0300
1627318423806000,1,0.00214825,14.0300
1627318540359000,1,15.85248000,14.0000
1627318602514000,0,77.43952667,14.0300
1627318602514000,0,150.41047333,14.0300
1627318602574000,0,169.58952667,14.0300
1627318653565000,1,17.15000000,14.0500
1627318653600000,1,0.00787919,14.0500
1627318663943000,1,95.25000000,14.0400
1627318663946000,1,0.00795703,14.0400
1627318666531000,1,42.88859380,14.0300
1627318666531000,1,17.16140620,14.0300
1627318666575000,1,0.00722462,14.0300
1627318699592000,1,16.30000000,14.0300
1627318699597000,1,0.00545623,14.0300
1627318775137000,1,15.45000000,14.0600
1627318775185000,1,0.00842576,14.0600
1627318782446000,1,15.11000000,14.0600
1627318853512000,1,534.00000000,14.0000
1627318876320000,1,12.38472555,13.9700
1627318910660000,0,61.20998484,13.9600
1627318910660000,0,153.01001516,13.9600
1627318910724000,0,0.00443979,13.9600
1627318916590000,0,26.31000000,13.9700
1627318928450000,0,6.58000000,14.0000
1627319111947000,1,15.50000000,13.9900
1627319112000000,1,0.00324463,13.9900
1627319121258000,1,15.34000000,13.9800
1627319121337000,1,0.00598029,13.9800
1627319682170000,0,67.24567054,14.0500
1627319682235000,0,10.06503422,14.0500
1627319773024000,0,7.32000000,14.1200
1627319773114000,0,89.09960459,14.1200
1627319781496000,1,15.01000000,14.1300
1627319781497000,1,0.00159933,14.1300
1627320078313000,1,14.72000000,14.2400
1627320102654000,1,36.00064018,14.2300
1627320102654000,1,14.56202604,14.2300
1627320200805000,0,76.28409747,14.2400
1627320200805000,0,96.51982106,14.2400
1627320200805000,0,150.08858920,14.2400
1627320200805000,0,52.36516945,14.2400
1627320237822000,0,76.20302763,14.2600
1627320274900000,1,16.20852249,14.2900
1627320290258000,1,94.13490620,14.2700
1627320290258000,1,40.10932161,14.2700
1627320290258000,1,13.03796951,14.2700
1627320309373000,1,38.60399374,14.2700
1627320309373000,1,15.43600626,14.2700
1627320309413000,1,0.00796979,14.2700
1627320315155000,1,15.46000000,14.2600
1627320315175000,1,0.00086456,14.2600
1627320322423000,0,59.93518404,14.2600
1627320480614000,1,15.37000000,14.2400
1627320602576000,1,14.91411202,14.2200
1627320624910000,0,410.00000000,14.2500
1627321025742000,1,14.97418621,14.3000
1627321079758000,1,14.80619814,14.3000
1627321080809000,1,37.01262724,14.3000
1627321085612000,1,35.55676408,14.2900
1627321085612000,1,14.22637608,14.2900
1627321086505000,1,35.55676408,14.2800
1627321086505000,1,14.22637608,14.2800
1627321097858000,0,1.91681311,14.2900
1627321105841000,0,7.60318885,14.3000
1627321128737000,1,13.13645357,14.2900
1627321143624000,1,12.99000000,14.2800
1627321143831000,1,0.00010570,14.2800
1627321156959000,1,12.85530742,14.2700
1627321156959000,1,32.13826854,14.2700
1627321202010000,1,13.07889353,14.2600
1627321287852000,0,60.15470915,14.2100
1627321292846000,1,13.66000000,14.2100
1627321329000000,0,30.57045197,14.2200
1627321329734000,0,30.57000000,14.2200
1627321332595000,0,0.00045197,14.2200
1627321332595000,0,30.56954803,14.2200
1627321542617000,1,4.00000000,14.1900
1627321606459000,1,4.00000000,14.1700
1627321628825000,1,13.07189846,14.1600
1627321645927000,0,15.33000000,14.1700
1627321663448000,0,60.31579212,14.1700
1627321663448000,0,150.80683978,14.1700
1627321898979000,0,7.75000000,14.1700
1627321898999000,0,26.25000000,14.1700
1627322014005000,0,60.37000000,14.1500
1627322014045000,0,0.00957745,14.1500
1627322093492000,0,396.00000000,14.1700
1627322589010000,0,60.56128639,14.1200
1627322589010000,0,151.39924513,14.1200
1627323050319000,0,77.12856599,14.1000
1627323061033000,1,14.38000000,14.1000
1627323061053000,1,0.00349319,14.1000
1627323080060000,0,98.02000000,14.1300
1627323082757000,0,56.91000000,14.1300
1627323096695000,0,12.70000000,14.1300
1627323176685000,0,60.49342938,14.1300
1627323227451000,1,14.60023102,14.1000
1627323673303000,0,63.70000000,14.1100
1627323968037000,0,63.70000000,14.1200
1627324125205000,0,63.50000000,14.1500
1627324210439000,1,13.10000000,14.1700
1627324210462000,1,1.56659963,14.1700
1627324314789000,1,14.50771719,14.1600
1627324314789000,1,35.24773145,14.1600
1627324708609000,0,63.30000000,14.1800
1627324708609000,0,322.00000000,14.1800
1627324719713000,0,63.50000000,14.1900
1627324719713000,0,2.01236942,14.1900
1627324724554000,1,76.51749352,14.1800
1627324724554000,1,34.68342400,14.1800
1627324724554000,1,11.36381141,14.1800
1627325326890000,0,478.00000000,14.2300
1627325361405000,1,76.18020433,14.2400
1627325361405000,1,36.76048084,14.2400
1627325361405000,1,14.70316074,14.2400
1627325366027000,1,13.54516908,14.2500
1627325366027000,1,33.86292270,14.2500
1627325366027000,1,88.01663551,14.2500
1627325366027000,1,71.90796818,14.2500
1627325754041000,1,11.85000000,14.1600
1627326080740000,1,10.46000000,14.1400
1627326080801000,1,0.00656048,14.1400
1627326245333000,1,2.64534090,14.1400
1627326585003000,1,15.54943119,14.2800
1627326602451000,0,4.59000000,14.3100
1627326602725000,0,329.41000000,14.3100
1627326621237000,1,15.35000000,14.3000
1627326629176000,1,37.61259321,14.2600
1627326629176000,1,15.03740679,14.2600
1627326629240000,1,0.00973909,14.2600
1627326629374000,1,97.83000000,14.2500
1627326649287000,0,59.78000000,14.3000
1627326649301000,0,0.00975093,14.3000
1627326718852000,1,14.21033244,14.2600
1627326718852000,1,35.52334044,14.2600
1627326718852000,1,89.49788737,14.2600
1627327312413000,0,2.25856275,14.4000
1627327317293000,1,33.57600158,14.3900
1627327317293000,1,12.48703227,14.3900
1627327327740000,0,0.04609312,14.4000
1627327327740000,0,600.00000000,14.4100
1627327353213000,0,59.36000000,14.4000
1627327353255000,0,0.00482771,14.4000
1627327395494000,1,14.11989653,14.4300
1627327605022000,1,12.90000000,14.3800
1627327605033000,1,0.00766429,14.3800
1627327678631000,1,11.42000000,14.3700
1627327691071000,1,11.97000000,14.3600
1627327909191000,1,11.49003077,14.3100
1627328304824000,0,316.00000000,14.2800
1627328447821000,1,14.14979934,14.1600
1627328448369000,1,14.44407699,14.1500
1627328448369000,1,93.88855039,14.1500
1627328448369000,1,14.43857076,14.1500
1627328448369000,1,63.70000000,14.1500
1627328448369000,1,76.44440260,14.1400
1627328448369000,1,492.00000000,14.1400
1627328448369000,1,76.49971931,14.1300
1627328448369000,1,460.00000000,14.1300
1627328448369000,1,76.55345331,14.1200
1627328448369000,1,76.60586585,14.1100
1627328448369000,1,96.97873791,14.1100
1627328448369000,1,272.00000000,14.1000
1627328448369000,1,76.65243033,14.1000
1627328448369000,1,39.00000000,14.0900
1627328448369000,1,2.01973089,14.0800
1627328448369000,1,11.00000000,14.0800
1627328448369000,1,1506.00000000,14.0700
1627328448369000,1,396.00000000,14.0600
1627328448369000,1,80.00000000,13.9800
1627328448369000,1,1715.00000000,13.9700
1627328448369000,1,193.00000000,13.9700
1627328448369000,1,40.00000000,13.8900
1627328448369000,1,39.00000000,13.8000
1627328448369000,1,88.77446166,13.7900
1627328448400000,1,1780.22553834,13.7900
1627328448400000,1,39.00000000,13.6300
1627328448400000,1,3367.00000000,13.5400
1627328448400000,1,416.52000000,13.4000
1627328448400000,1,329.39000000,13.4000
1627328448400000,1,53.42038467,13.4000
1627328471671000,1,13.07250699,14.1500
1627328471671000,1,25.92749301,14.1500
1627328475864000,1,12.62748297,14.1600
1627328475864000,1,26.37251703,14.1600
1627328479910000,1,12.61999907,14.1700
1627328479910000,1,26.38000093,14.1700
1627328483870000,1,5.16332007,14.1700
1627328483870000,1,33.83667993,14.1700
1627328487862000,1,29.26332007,14.1700
1627328487862000,1,9.73667993,14.1700
1627328492013000,1,28.93311615,14.1700
1627328492013000,1,10.06688385,14.1700
1627328495833000,1,11.23972670,14.1800
1627328495833000,1,27.76027330,14.1800
1627328503854000,1,10.68249793,14.1900
1627328503854000,1,26.70097725,14.1900
1627328504111000,0,1.61652482,14.1900
1627328507942000,1,13.80000000,14.1800
1627328507942000,1,25.20000000,14.1800
1627328511946000,1,10.26497484,14.1800
1627328512171000,0,28.73000000,14.1800
1627328512189000,0,0.00502516,14.1800
1627328513453000,1,25.37885900,14.1800
1627328513741000,0,13.62114100,14.1800
1627328526154000,1,24.66802658,14.1800
1627328526341000,0,14.33000000,14.1800
1627328527483000,0,39.00000000,14.1800
1627328572684000,0,39.00000000,14.1800
1627328583321000,0,11.00000000,14.1900
1627328583321000,0,39.00000000,14.1900
1627328584512000,0,39.00000000,14.2000
1627328645713000,0,11.00000000,14.1900
1627328762603000,0,98.03461734,14.1500
1627328768644000,0,50.89000000,14.1600
1627328768778000,0,9.46000000,14.1600
1627328768784000,0,0.00164740,14.1600
1627328777359000,1,10.38342468,14.1700
1627328777359000,1,25.94657532,14.1700
1627328825510000,1,9.67259606,14.1600
1627328838000000,1,9.77542939,14.1400
1627328838793000,1,9.78000000,14.1300
1627328838829000,1,0.00397987,14.1300
1627329040778000,1,24.03702581,14.0500
1627329040778000,1,9.61297419,14.0500
1627329040850000,1,0.00224643,14.0500
1627329144424000,0,394.50820002,14.0900
1627329144424000,0,10.99179998,14.0900
1627329144448000,0,0.00820002,14.0900
1627329156469000,0,60.64000000,14.0900
1627329181169000,0,11.00000000,14.0900
1627329190226000,1,13.95000000,14.0900
1627329190285000,1,0.00687159,14.0900
1627329210896000,0,11.00000000,14.0900
1627329210896000,0,16.41000000,14.0900
1627329210912000,0,9.80000000,14.0900
1627329210932000,0,34.48858308,14.0900
1627329319121000,1,14.47258445,14.0900
1627329371279000,1,14.32000000,14.0900
1627329551126000,1,1293.46840433,14.0000
1627329552275000,1,1293.98087064,14.0000
1627329553391000,1,1294.54148753,14.0000
1627329554419000,1,981.14860574,14.0000
1627329554929000,1,195.60254452,14.0000
1627329558806000,1,41.54592000,14.0000
1627329561306000,1,776.71216724,14.0000
1627329573029000,0,11.06893156,14.0100
1627329590964000,1,15.09000000,13.9800
1627329591109000,1,0.00334220,13.9800
1627329600854000,1,101.51430251,13.9400
1627329644836000,1,14.92000000,13.9700
1627329644867000,1,0.00248509,13.9700
1627329645887000,1,33.58000000,13.9600
1627329645929000,1,3.72621272,13.9600
1627329645929000,1,14.94364446,13.9600
1627329689043000,1,8.47000000,13.8200
1627329690763000,1,27.88798364,13.8200
1627329759703000,1,32.43378378,13.8000
1627329759747000,1,9.94881622,13.8000
1627329783584000,0,41.58000000,13.7700
1627329872850000,0,97.25000000,13.8000
1627329939954000,0,39.00000000,13.8300
1627329939954000,0,11.00000000,13.8300
1627329977941000,0,298.00000000,13.8000
1627329988718000,1,12.42000000,13.8000
1627329988767000,1,0.00344950,13.8000
1627330042705000,1,12.30000000,13.7700
1627330042734000,1,0.00168048,13.7700
1627330057026000,1,12.16000000,13.7700
1627330066849000,1,30.09418407,13.7500
1627330066849000,1,78.27926268,13.7500
1627330066849000,1,12.04537192,13.7500
1627330154820000,1,10.69000000,13.7200
1627330167838000,1,10.59000000,13.7200
1627330347799000,1,10.89400281,13.7000
1627330347840000,1,0.22232659,13.7000
1627330349882000,1,10.59334615,13.6900
1627330349898000,1,0.21619074,13.6900
1627330361506000,0,462.00000000,13.6500
1627330378017000,1,11.58872983,13.6600
1627330378017000,1,28.98919505,13.6600
1627330378017000,1,11.59207512,13.6600
1627330387339000,1,10.44000000,13.6400
1627330387384000,1,0.00825112,13.6400
1627330417553000,0,96.03000000,13.6700
1627330501028000,0,62.79680382,13.6000
1627330514962000,1,11.06000000,13.6000
1627330515069000,1,0.00911798,13.6000
1627330539827000,1,11.62000000,13.6400
1627330584944000,1,92.44000000,13.6700
1627330611860000,1,15.00603488,13.7000
1627330644622000,1,14.80391993,13.7300
1627330680255000,0,105.11000000,13.7200
1627330680321000,0,346.89000000,13.7200
1627330695339000,1,14.36135579,13.7100
1627330754129000,1,14.49000000,13.7000
1627330760328000,1,14.20000000,13.6800
1627330780865000,1,14.06000000,13.6500
1627330780906000,1,0.00853802,13.6500
1627330835345000,1,13.63031913,13.6500
1627330861710000,1,13.78000000,13.6300
1627331041166000,1,13.60000000,13.6500
1627331041226000,1,0.00806309,13.6500
1627331041226000,1,13.59193691,13.6500
1627331041290000,1,13.60000000,13.6500
1627331075294000,1,13.16464188,13.6300
1627331115058000,1,12.77328470,13.6100
1627331141689000,1,32.62761289,13.5700
1627331141689000,1,13.04431742,13.5700
1627331141690000,1,0.00000001,13.5700
1627331143994000,1,5.04604783,13.5500
1627331144121000,1,27.59599134,13.5500
1627331144121000,1,84.79939308,13.5500
1627331144121000,1,13.03461558,13.5500
1627331144199000,1,0.00970185,13.5500
1627331158818000,1,24.32314714,13.5400
1627331158818000,1,9.73685286,13.5400
1627331166713000,1,17.72443357,13.5200
1627331190976000,1,11.20000000,13.4900
1627331190985000,1,0.00892238,13.4900
1627331195943000,1,11.08000000,13.4900
1627331195954000,1,0.00455299,13.4900
1627331208418000,0,6.46000000,13.5200
1627331233606000,1,15.06588266,13.4900
1627331248662000,1,14.14081951,13.4700
1627331262014000,1,89.90609049,13.4500
1627331262014000,1,13.66732636,13.4500
1627331262014000,1,34.18710421,13.4500
1627331303378000,1,12.40029257,13.4300
1627331303378000,1,30.97970743,13.4300
1627331308414000,1,31.31989090,13.4100
1627331308414000,1,12.52795636,13.4100
1627331309329000,1,1039.71961533,13.4000
1627331309329000,1,377.04000000,13.4000
1627331309329000,1,0.00038467,13.4000
1627331312334000,1,0.00295934,13.4000
1627331321182000,1,91.41200687,13.3500
1627331380423000,0,31.53000000,13.4400
1627331380497000,0,65.27665047,13.4400
1627331412126000,0,85.01000000,13.5400
1627331435831000,1,13.17000000,13.5600
1627331435921000,1,0.00633339,13.5600
1627331455453000,1,96.85000000,13.4700
1627331458763000,1,13.11000000,13.4500
1627331458814000,1,0.00221806,13.4500
1627331474576000,1,13.13000000,13.4000
1627331474592000,1,0.00586754,13.4000
1627331474894000,1,85.25134076,13.3900
1627331474894000,1,32.85865924,13.3900
1627331498854000,0,1.97933627,13.4700
1627331499112000,0,0.04039462,13.4700
1627331535943000,0,5.15000000,13.5600
1627331536024000,0,57.87062879,13.5600
1627331552147000,1,35.61000000,13.5600
1627331693006000,1,14.83944254,13.5600
1627331743995000,1,14.92000000,13.6300
1627331744034000,1,0.00155775,13.6300
1627331782716000,1,14.77471737,13.6000
1627331782716000,1,36.93528263,13.6000
1627331797791000,1,13.62000000,13.6000
1627331861381000,0,62.66076748,13.6300
1627331875416000,1,14.72000000,13.6300
1627331908743000,1,14.57000000,13.6200
1627331908935000,1,0.00009113,13.6200
1627331910283000,1,39.48000000,13.6100
1627331910987000,1,55.22000000,13.6100
1627331914163000,1,0.00050159,13.6100
1627331965093000,1,13.41908307,13.5800
1627332001756000,1,13.38008692,13.5600
1627332001756000,1,33.44429979,13.5600
1627332009597000,1,12.84000000,13.5700
1627332009693000,1,0.00542268,13.5700
1627332014442000,1,12.69267620,13.5700
1627332042172000,1,93.48000000,13.5500
1627332101976000,1,17.86322032,13.5300
1627332101976000,1,44.65677968,13.5300
1627332111467000,1,11.05000000,13.5200
1627332111515000,1,84.90139526,13.5200
1627332135612000,1,16.34749012,13.5000
1627332135612000,1,40.12580597,13.5000
1627332170433000,1,32.17000000,13.5100
1627332170668000,1,7.48000000,13.5100
1627332170854000,1,0.00027286,13.5100
1627332178093000,1,15.45508588,13.4800
1627332212728000,1,15.22000000,13.5200
1627332212883000,1,0.00641175,13.5200
1627332257808000,0,99.07000000,13.5400
1627332405880000,1,15.04973083,13.5400
1627332407746000,1,15.04000000,13.5300
1627332407821000,1,0.00973083,13.5300
1627332557682000,1,13.00000000,13.5500
1627332563178000,1,13.01396131,13.5300
1627332563178000,1,32.53778715,13.5300
1627332605318000,1,12.19000000,13.5600
1627332619884000,1,12.07102273,13.5400
1627332638790000,1,11.96000000,13.5000
1627332643200000,1,29.93221135,13.4900
1627332643200000,1,11.96778865,13.4900
1627332650905000,0,10.95000000,13.5100
1627332650986000,0,357.45000000,13.5100
1627332651007000,0,81.60000000,13.5100
1627332677545000,1,11.23000000,13.5300
1627332677558000,1,0.00376054,13.5300
1627332688328000,1,11.13000000,13.4900
1627332699142000,0,368.00000000,13.5100
1627332733452000,1,11.01000000,13.4900
1627332733558000,1,0.00054652,13.4900
1627332789475000,1,10.80210283,13.4500
1627332868947000,1,10.29789257,13.4000
1627332868947000,1,25.75210743,13.4000
1627332874646000,1,9.91566180,13.3700
1627332874646000,1,24.78915450,13.3700
1627332874744000,1,40.16000000,13.3600
1627332875005000,1,24.31574835,13.3600
1627332882197000,1,24.25189364,13.3500
1627332882197000,1,8.63954896,13.3500
1627332935158000,1,8.44000000,13.3300
1627332935269000,1,0.00735643,13.3300
1627332970190000,1,8.37000000,13.3700
1627333019113000,1,17.24122576,13.3900
1627333020298000,1,40.05000000,13.3800
1627333020739000,1,263.95000000,13.3800
1627333041835000,1,15.17361076,13.3200
1627333041835000,1,35.98638924,13.3200
1627333041882000,1,1.98634295,13.3200
1627333057454000,0,9.91500000,13.4100
1627333084389000,1,3.05000000,13.3400
1627333084464000,1,12.91464626,13.3400
1627333084464000,1,39.90982100,13.3400
1627333101260000,1,15.04829520,13.3200
1627333148104000,1,15.12000000,13.3800
1627333148105000,1,0.00238276,13.3800
1627333202965000,1,99.30000000,13.4100
1627333202997000,1,0.00925560,13.4100
1627333209881000,1,19.59917251,13.3900
1627333211227000,1,5.00000000,13.3700
1627333241793000,1,17.24391989,13.3400
1627333241793000,1,112.08849327,13.3400
1627333284767000,1,15.84000000,13.2900
1627333284772000,1,0.00351036,13.2900
1627333314039000,1,15.42224768,13.3400
1627333314039000,1,38.52159003,13.3400
1627333314039000,1,100.22616229,13.3400
1627333326825000,1,13.72000000,13.3400
1627333428100000,1,38.10711333,13.3000
1627333428100000,1,15.24101265,13.3000
1627333428100000,1,38.11187402,13.3000
1627333428121000,1,0.00268692,13.3000
1627333432517000,1,38.12029185,13.2900
1627333433216000,1,14.23211239,13.2800
1627333476381000,1,13.39828393,13.2500
1627333482306000,1,13.68906007,13.2400
1627333482306000,1,32.49093993,13.2400
1627333520185000,1,12.35000000,13.2800
1627333665004000,1,32.34523102,13.2800
1627333665004000,1,12.94218150,13.2800
1627333693552000,1,12.43107648,13.2800
1627333728018000,1,12.05817670,13.3300
1627333728034000,1,0.24608524,13.3300
1627333756731000,0,27.89000000,13.3600
1627333757119000,0,74.26000000,13.3600
1627333757171000,0,0.00349209,13.3600
1627333897185000,1,16.71965955,13.4100
1627333897185000,1,40.62632970,13.4100
1627333897214000,1,1.17032631,13.4100
1627333926907000,1,16.08000000,13.3900
1627333926994000,1,0.00271123,13.3900
1627333930912000,1,80.33000000,13.3700
1627333930974000,1,24.28525670,13.3700
1627333930974000,1,40.24463304,13.3700
1627333930974000,1,16.10170334,13.3700
1627334028104000,1,36.99053290,13.4000
1627334028104000,1,14.79621316,13.4000
1627334049454000,1,14.22813186,13.3900
1627334049454000,1,35.56979860,13.3900
1627334143272000,1,14.02000000,13.3800
1627334143292000,1,0.00647883,13.3800
1627334256981000,1,13.72269869,13.3300
1627334257044000,1,0.28005508,13.3300
1627334335314000,1,13.73000000,13.2900
1627334335344000,1,0.00938457,13.2900
1627334369779000,1,88.20355719,13.2900
1627334369779000,1,13.56438569,13.2900
1627334369779000,1,33.93205712,13.2900
1627334369809000,1,0.00593347,13.2900
1627334575618000,1,12.03000000,13.3200
1627334575642000,1,0.00091922,13.3200
1627334750626000,1,11.88662176,13.3300
1627334750626000,1,29.70337824,13.3300
1627334750683000,1,0.00782704,13.3300
1627334813058000,1,11.45000000,13.2800
1627335029689000,0,64.27781509,13.3000
1627335029689000,0,5.35218491,13.3000
1627335029704000,0,155.29182329,13.3000
1627335384257000,1,14.04000000,13.1900
1627335398642000,1,13.90132027,13.1900
1627335398665000,1,0.00000001,13.1900
1627335398714000,1,34.77069870,13.1800
1627335398714000,1,90.37930130,13.1800
1627335402942000,1,12.34265700,13.1800
1627335402942000,1,30.84734300,13.1800
1627335403079000,1,0.00929950,13.1800
1627335613063000,0,326.00000000,13.1500
1627335641921000,1,10.61946448,13.1400
1627335641989000,1,0.21672376,13.1400
1627335648365000,1,10.74000000,13.1300
1627335702870000,1,15.30443680,13.1700
1627335702870000,1,38.28661563,13.1700
1627335729672000,1,12.42640000,13.1800
1627335761901000,1,432.00000000,13.1400
1627335787049000,1,14.64798175,13.1200
1627335787049000,1,33.65621825,13.1200
1627335799875000,1,35.20520397,13.1400
1627335799875000,1,91.52866509,13.1400
1627335799875000,1,14.06613094,13.1400
1627335799883000,1,0.00674360,13.1400
1627335831772000,0,412.00000000,13.1400
1627335870439000,1,12.64795746,13.1600
1627335870439000,1,31.61893304,13.1600
1627335922176000,0,16.19989637,13.1800
1627335956794000,0,21.52000000,13.2300
1627335956825000,0,88.76710085,13.2300
1627335962725000,0,180.89000000,13.2400
1627335964394000,0,100.91000000,13.2400
1627335964551000,0,0.00328413,13.2400
1627336016875000,1,96.05442472,13.2600
1627336016875000,1,16.95526997,13.2600
1627336018177000,1,330.00000000,13.2500
1627336101284000,1,16.71000000,13.3000
1627336101334000,1,0.00632600,13.3000
1627336258381000,1,16.17572048,13.3300
1627336280846000,1,16.31000000,13.3400
1627336285726000,1,16.12000000,13.3400
1627336311479000,1,15.94693108,13.3300
1627336352880000,0,99.00000000,13.3400
1627336354915000,1,15.76000000,13.3400
1627336420051000,1,15.64588537,13.2900
1627336436894000,0,38.64000000,13.3100
1627336436921000,0,375.36000000,13.3100
1627336480740000,1,100.36859375,13.3000
1627336480740000,1,496.00000000,13.3000
1627336617273000,1,15.47000000,13.2700
1627336617296000,1,0.00406635,13.2700
1627336649896000,1,15.31264591,13.2700
1627336649896000,1,5.59735409,13.2700
1627336649943000,1,32.68426069,13.2700
1627336733852000,1,14.72646115,13.3100
1627336762728000,1,14.59000000,13.2900
1627336762768000,1,0.00286875,13.2900
1627336763805000,1,14.59000000,13.2800
1627336785266000,0,91.99862084,13.2800
1627336785277000,0,1.87752287,13.2800
1627336807996000,1,5.75000000,13.2500
1627336917973000,0,12.79999999,13.3000
1627336917974000,0,0.00000001,13.3000
1627336994475000,1,14.14000000,13.3700
1627336994481000,1,0.00839122,13.3700
1627337068173000,1,420.00000000,13.3600
1627337097890000,1,13.96000000,13.3900
1627337097892000,1,0.00600735,13.3900
1627337103634000,1,34.94000000,13.3700
1627337176474000,1,13.15966009,13.3700
1627337176715000,1,0.26856449,13.3700
1627337311194000,1,13.27448815,13.3400
1627337332725000,1,13.13000000,13.3400
1627337332793000,1,0.00349424,13.3400
1627337400752000,1,12.98669830,13.3400
1627337446073000,0,4.37000000,13.3100
1627337446076000,0,42.26427328,13.3100
1627337529644000,1,33.54658804,13.2800
1627337529644000,1,87.21906596,13.2800
1627337529644000,1,8.89434600,13.2800
1627337529705000,1,4.51863570,13.2800
1627337557487000,1,11.67605993,13.2800
1627337570277000,1,81.45182597,13.2600
1627337570277000,1,90.63226724,13.2600
1627337573258000,1,79.82278945,13.2600
1627337574078000,1,1.59645579,13.2600
1627337610567000,1,0.03258073,13.2600
1627337610567000,1,80.17283943,13.2500
1627337610740000,1,1.63684531,13.2500
1627337612410000,1,79.93561165,13.2400
1627337615303000,1,1.59871223,13.2400
1627337617305000,1,0.03262678,13.2400
1627337617305000,1,81.63874351,13.2300
1627337617305000,1,11.82040139,13.2300
1627337617305000,1,380.00000000,13.2300
1627337690438000,1,81.71000000,13.2600
1627337725915000,0,68.10000000,13.2300
1627337730311000,1,81.92000000,13.2300
1627337730334000,1,0.00358978,13.2300
1627337732189000,0,67.50000000,13.2400
1627337732702000,1,81.92000000,13.2300
1627337734287000,1,0.00358978,13.2300
1627337734287000,1,81.91641022,13.2300
1627337737590000,1,0.00717956,13.2300
1627337737590000,1,81.96282044,13.2200
1627337737640000,1,0.00912873,13.2200
1627337756745000,1,81.79000000,13.2000
1627337756895000,1,0.00352689,13.2000
1627337774183000,1,165.30000000,13.1900
1627337774183000,1,328.70000000,13.1900
1627337798797000,0,68.50000000,13.2000
1627337834085000,1,81.90946111,13.1800
1627337834085000,1,76.03122915,13.1800
1627337834085000,1,8.31134325,13.1800
1627337835833000,1,80.27127189,13.1800
1627337838465000,1,81.97873854,13.1700
1627337838465000,1,385.65498624,13.1700
1627337840210000,1,90.34501376,13.1700
1627337840210000,1,9.66438893,13.1700
1627337842000000,1,2.04100822,13.1700
1627337842000000,1,80.29834360,13.1700
1627337869570000,1,42.55420968,13.1300
1627337869571000,1,39.91044179,13.1300
1627337869765000,1,26.34822570,13.1300
1627337869772000,1,82.31708603,13.1100
1627337869772000,1,16.92810114,13.1100
1627337869843000,1,10.55024285,13.1200
1627337869843000,1,51.55233740,13.1100
1627337890407000,1,81.20193725,13.0700
1627337891178000,1,1.62403874,13.0700
1627337893000000,1,0.03314365,13.0700
1627337893000000,1,81.20127437,13.0700
1627337894890000,1,1.62468836,13.0700
1627337897493000,1,0.03315691,13.0700
1627337909469000,0,2.47400000,13.0700
1627337909578000,0,66.32600000,13.0700
1627337913761000,1,82.94811845,13.0500
1627337913761000,1,79.63019371,13.0400
1627337922631000,1,82.92087309,13.0600
1627337923679000,0,68.70000000,13.0800
1627337958367000,0,68.70000000,13.1000
1627337964824000,0,7.24272652,13.1100
1627337965702000,0,61.45727348,13.1100
1627337977804000,1,82.66586244,13.1000
1627337977804000,1,9.69672247,13.1000
1627337977804000,1,21.90484362,13.1000
1627338003816000,1,80.91597842,13.1200
1627338004724000,1,1.61831957,13.1200
1627338005790000,1,0.03302693,13.1200
1627338005790000,1,82.56697307,13.1200
1627338005825000,1,0.00035185,13.1200
1627338006568000,1,82.58692458,13.1100
1627338006568000,1,82.66586244,13.1000
1627338006568000,1,94.54367943,13.1000
1627338006568000,1,488.00000000,13.1000
1627338006568000,1,8.59800487,13.1000
1627338006568000,1,82.76435616,13.0900
1627338006568000,1,55.89561611,13.0900
1627338006568000,1,3.18240786,13.0900
1627338011189000,1,82.58692458,13.1100
1627338011189000,1,79.36080670,13.1000
1627338018383000,1,81.05142124,13.0800
1627338030081000,1,82.68657724,13.1000
1627338030081000,1,7.85390882,13.0900
1627338030081000,1,82.68657724,13.0900
1627338030081000,1,15.77331441,13.0900
1627338031001000,1,82.68657724,13.1000
1627338031001000,1,3.85715057,13.0900
1627338031001000,1,198.42221438,13.0900
1627338048633000,1,82.54173799,13.1200
1627338048633000,1,5.71998313,13.1200
1627338050067000,1,82.54173799,13.1200
1627338051777000,1,80.89090323,13.1200
1627338053281000,1,1.61781806,13.1200
1627338064563000,1,82.48001482,13.1300
1627338064563000,1,0.03301670,13.1200
1627338064563000,1,82.54173799,13.1200
1627338064563000,1,7.45481403,13.1200
1627338087264000,1,81.03284570,13.1000
1627338124630000,1,7.45465279,13.1000
1627338125950000,1,18.78572503,13.0900
1627338278685000,1,7.22738981,13.0900
1627338278685000,1,18.06847452,13.0900
1627338280940000,1,91.81171874,13.0900
1627338282581000,1,7.08713240,13.0900
1627338286854000,1,6.73439107,13.0900
1627338389833000,1,6.73000000,13.0400
1627338389858000,1,0.00996207,13.0400
1627338463981000,1,82.76000000,13.0900
1627338464009000,1,0.00388388,13.0900
1627338465457000,1,82.87000000,13.0800
1627338465606000,1,0.00108519,13.0800
1627338479076000,0,68.50000000,13.0900
1627338511433000,1,82.65000000,13.1100
1627338511442000,1,0.00107436,13.1100
1627338515203000,1,82.65000000,13.1100
1627338536968000,0,68.40000000,13.1000
1627338539243000,1,14.35381633,13.1000
1627338829892000,1,98.83863771,13.1300
1627338829892000,1,540.94322725,13.1300
1627338869222000,0,99.34206550,13.1100
1627338906687000,0,98.95043931,13.1400
1627338906687000,0,68.00000000,13.1400
1627338906687000,0,65.00062036,13.1500
1627338906687000,0,422.50403234,13.1500
1627338906687000,0,162.50155090,13.1500
1627338906687000,0,82.53490983,13.1600
1627338906687000,0,11.00000000,13.1600
1627338906687000,0,82.49236456,13.1700
1627338906687000,0,39.00000000,13.1700
1627338906687000,0,416.00000000,13.1700
1627338906687000,0,82.43340681,13.1800
1627338906687000,0,269.58267589,13.1800
1627338909683000,1,82.53000000,13.1300
1627338909692000,1,0.00230363,13.1300
1627339011501000,1,82.35000000,13.1600
1627339012535000,1,0.00731331,13.1600
1627339012535000,1,82.34268669,13.1600
1627339019883000,1,0.01462662,13.1600
1627339019883000,1,82.37537338,13.1600
1627339019961000,1,0.00113610,13.1600
1627339022488000,1,82.35000000,13.1500
1627339023518000,1,0.00731331,13.1500
1627339095069000,1,82.36000000,13.1600
1627339095180000,1,0.00954242,13.1600
1627339102393000,1,82.36000000,13.1500
1627339102512000,1,0.00954242,13.1500
1627339110597000,1,98.68452221,13.1400
1627339110597000,1,82.52547779,13.1400
1627339112069000,1,0.00446252,13.1400
1627339112069000,1,82.52553748,13.1400
1627339112071000,1,0.00440283,13.1400
1627339186424000,1,82.30000000,13.1700
1627339186494000,1,0.00081160,13.1700
1627339223940000,1,49.78605714,13.1300
1627339223940000,1,19.91394286,13.1300
1627339224031000,1,0.00048000,13.1300
1627339288625000,0,68.00000000,13.1500
1627339310570000,1,82.48000000,13.1400
1627339318069000,1,0.00694346,13.1400
1627339318069000,1,82.48305654,13.1400
1627339323328000,1,0.00388692,13.1400
1627339323328000,1,82.48611308,13.1400
1627339323364000,1,0.00083038,13.1400
1627339324464000,1,82.48000000,13.1400
1627339325434000,1,0.00694346,13.1400
1627339325434000,1,82.48305654,13.1400
1627339325465000,1,0.00388692,13.1400
1627339326047000,1,82.50578011,13.1300
1627339326047000,1,19.16798141,13.1300
1627339326047000,1,423.50623848,13.1300
1627339326262000,1,82.49376152,13.1300
1627339326262000,1,82.50578011,13.1300
1627339338956000,1,82.35123100,13.1100
1627339338956000,1,94.04720691,13.1100
1627339338956000,1,18.76156209,13.1100
1627339339005000,1,0.00278316,13.1100
1627339346391000,1,82.68000000,13.1100
1627339346462000,1,0.00345129,13.1100
1627339348312000,1,82.68000000,13.1100
1627339348345000,1,0.00345129,13.1100
1627339453553000,1,18.63000000,13.0600
1627339491690000,1,18.42000000,13.0600
1627339491691000,1,0.00757270,13.0600
1627339808487000,1,18.06203228,13.1700
1627339838349000,1,17.89000000,13.1300
1627339838377000,1,0.00855112,13.1300
1627339986635000,0,95.65000000,13.1600
1627339986641000,0,0.00505068,13.1600
1627340155651000,1,93.09689931,13.2400
1627340155651000,1,17.56698883,13.2400
1627340155651000,1,35.17611186,13.2400
1627340155904000,1,8.73075148,13.2400
1627340310491000,1,16.66865859,13.2400
1627340427596000,0,310.00000000,13.2400
1627340552866000,1,16.34000000,13.2100
1627340571425000,1,40.41270612,13.2000
1627340571425000,1,13.52729388,13.2000
1627340645418000,1,15.57000000,13.1900
1627340730283000,1,14.36000000,13.1500
1627340730366000,1,0.00727444,13.1500
1627340770814000,1,15.87000000,13.1200
1627340779971000,1,3.97000000,13.1100
1627340808062000,1,14.55000000,13.1200
1627340808072000,1,0.00641947,13.1200
1627340903515000,1,14.42000000,13.0900
1627341183372000,1,15.39000000,13.1700
1627341315624000,0,363.11000000,13.1900
1627341316026000,0,126.89000000,13.1900
1627341327715000,0,396.72000000,13.1900
1627341327898000,0,75.28000000,13.1900
1627341371348000,1,14.88107994,13.2100
1627341378902000,0,8.21000000,13.2200
1627341378932000,0,0.00619201,13.2200
1627341725317000,0,55.70000000,13.2400
1627341725390000,0,8.78613983,13.2400
1627342162897000,1,15.77950825,13.1800
1627342162897000,1,21.80900890,13.1800
1627342162973000,1,17.63976173,13.1800
1627342588069000,0,34.00000000,13.1600
1627343043557000,1,13.87577516,13.0900
1627343118060000,1,15.08000000,13.1000
1627343118217000,1,0.00675232,13.1000
1627343367951000,1,14.75972402,13.0600
1627343570503000,1,14.89373565,13.0500
1627343570503000,1,33.60097680,13.0500
1627343570548000,1,3.65104433,13.0500
1627343570566000,1,82.80153914,13.0400
1627343570566000,1,96.84426568,13.0400
1627343600284000,1,3.96478921,13.0200
1627343640839000,1,22.01000000,13.0000
1627343640896000,1,10.77651157,13.0000
1627343640896000,1,13.11641910,13.0000
1627343644571000,1,13.12000000,13.0000
1627343781672000,1,12.19000000,13.0900
1627343781678000,1,0.00008109,13.0900
1627343839749000,1,12.03000000,13.1000
1627343839780000,1,0.00618521,13.1000
1627343888360000,1,11.89000000,13.1100
1627343904308000,1,11.77000000,13.1000
1627343904703000,1,0.00332730,13.1000
1627343907973000,1,11.77332730,13.0900
1627343995360000,1,11.54958349,13.0400
1627344037902000,1,11.42000000,13.0400
1627344037950000,1,0.00379640,13.0400
1627344038566000,1,11.42000000,13.0300
1627344069864000,1,11.16000000,13.0500
1627344069874000,1,0.00551424,13.0500
1627344128625000,1,11.03000000,13.0500
1627344128680000,1,0.00500249,13.0500
1627344177758000,1,9.80000000,13.0100
1627344177869000,1,0.89828638,13.0100
1627344189994000,1,10.58000000,13.0100
1627344193791000,1,71.19085315,13.0000
1627344193791000,1,10.27914685,13.0000
1627344193872000,1,0.00367449,13.0000
1627344223051000,1,9.37000000,12.9900
1627344223172000,1,0.00938786,12.9900
1627344241393000,1,23.20178167,12.9700
1627344241393000,1,9.28257193,12.9700
1627344321321000,1,8.94305285,13.0200
1627344321321000,1,22.34694715,13.0200
1627344321329000,1,0.00519245,13.0200
1627344327101000,1,8.94000000,13.0100
1627344574834000,1,9.11000000,13.1800
1627344574918000,1,0.00309560,13.1800
1627344782132000,1,9.08528200,13.0200
1627344782132000,1,22.71471800,13.0200
1627344782219000,1,0.00371564,13.0200
1627344808740000,1,8.75159236,12.9900
1627344812512000,1,8.76156737,12.9700
1627344839061000,1,8.56101426,12.9800
1627344855963000,1,8.47258961,12.9700
1627344867225000,1,8.38000000,12.9700
1627344867242000,1,0.00067332,12.9700
1627344884626000,1,8.29419287,12.9500
1627344895737000,1,7.94080589,12.9200
1627344909133000,1,7.93978339,12.9400
1627344909133000,1,19.84332651,12.9400
1627344909133000,1,51.58689010,12.9400
1627344909158000,1,0.00917849,12.9400
1627344937384000,1,7.85000000,12.9800
1627344961796000,1,7.38000000,12.9600
1627344961825000,1,0.00491294,12.9600
1627344963491000,1,7.38000000,12.9500
1627345017095000,1,6.64000000,13.0000
1627345017102000,1,0.00129816,13.0000
1627345017102000,1,6.63870184,13.0000
1627345017111000,1,6.64000000,13.0000
1627345024835000,1,15.87360713,12.9800
1627345024835000,1,6.34639287,12.9800
1627345044750000,1,6.18000000,12.9600
1627345044754000,1,0.00704001,12.9600
1627345060020000,1,6.09000000,13.0000
1627345060060000,1,0.00748858,13.0000
1627345094087000,1,6.03428769,12.9900
1627345104089000,0,83.46062928,13.0100
1627345104089000,0,454.00000000,13.0100
1627345174530000,0,65.56636654,13.0200
1627345175628000,0,426.12000000,13.0300
1627345175830000,0,0.00884603,13.0300
1627345175830000,0,2.74215397,13.0600
1627345251723000,1,9.75000000,13.1200
1627345277270000,0,82.67152732,13.1900
1627345277270000,0,82.59275564,13.2000
1627345277270000,0,6.19174610,13.2000
1627345287018000,1,22.49000000,13.2000
1627345287020000,1,427.51000000,13.2000
1627345378497000,1,20.73567936,13.1600
1627345378497000,1,51.85890907,13.1600
1627345479318000,0,100.21213135,13.2100
1627345513254000,1,19.87000000,13.1900
1627345539129000,0,442.00000000,13.2200
1627345722479000,1,19.45530062,13.3100
1627345737663000,1,19.23000000,13.3200
1627345737714000,1,0.00761983,13.3200
1627345750371000,1,18.84000000,13.3000
1627345752185000,1,122.60607767,13.2800
1627345752185000,1,47.11658205,13.2800
1627345752185000,1,18.85542098,13.2800
1627345874000000,1,16.76000000,13.2800
1627345874039000,1,0.00053981,13.2800
1627346104028000,1,98.39000000,13.2500
1627346104049000,1,0.00965032,13.2500
1627346149139000,1,16.64741990,13.2100
1627346207056000,1,16.47000000,13.2100
1627346207075000,1,0.00270332,13.2100
1627346287018000,1,16.33000000,13.1700
1627346287084000,1,0.00484285,13.1700
1627346364347000,1,15.84512148,13.1500
1627346364384000,1,0.32336983,13.1500
1627346373136000,1,15.99000000,13.1500
1627346373161000,1,0.00396540,13.1500
1627346457410000,1,15.77000000,13.1800
1627346457435000,1,0.00874549,13.1800
1627346474187000,0,100.94000000,13.2000
1627346474217000,0,0.00971389,13.2000
1627346706245000,1,13.10000000,13.1900
1627346903378000,1,21.08000000,13.1800
1627346903520000,1,78.93163568,13.1800
1627346903520000,1,38.94868026,13.1800
1627346903520000,1,14.07968406,13.1800
1627346903544000,1,1.49129453,13.1800
1627346935813000,0,94.30000000,13.2000
1627346935932000,0,0.00277279,13.2000
1627347046877000,0,464.00000000,13.2000
1627347095516000,1,14.77000000,13.2100
1627347222039000,1,14.66000000,13.1600
1627347373657000,1,14.49257270,13.1700
1627347373657000,1,36.21658325,13.1700
1627347373657000,1,74.38084405,13.1700
1627347418852000,0,310.00000000,13.1800
1627347518479000,1,13.76000000,13.2200
1627347518481000,1,0.00028291,13.2200
1627347623943000,1,13.61887509,13.2100
1627347623943000,1,8.98446550,13.2100
1627347733206000,1,33.50927265,13.1600
1627347733206000,1,12.46784327,13.1600
1627347834015000,1,11.87000000,13.1500
1627347834035000,1,0.74233329,13.1500
1627347834035000,1,31.52555963,13.1500
1627347854625000,1,31.20413858,13.1300
1627347854625000,1,12.12754589,13.1300
1627347948879000,1,3.77000000,13.1500
1627347948980000,1,25.29624162,13.1500
1627347948980000,1,11.62066617,13.1500
1627347992369000,1,11.04000000,13.1400
1627347992394000,1,0.00044185,13.1400
1627348003108000,1,10.94000000,13.1200
1627348003156000,1,0.00027951,13.1200
1627348013828000,1,10.72147392,13.1100
1627348052190000,1,10.49794748,13.1000
1627348106382000,1,10.37651709,13.1100
1627348106395000,1,0.21176565,13.1100
1627348120984000,1,10.49000000,13.0800
1627348121015000,1,0.00315993,13.0800
1627348127354000,1,26.23972002,13.0700
1627348127354000,1,10.49315993,13.0700
1627348144679000,1,9.76167821,13.0800
1627348162525000,1,9.85000000,13.0700
1627348162597000,1,0.00861650,13.0700
1627348500201000,1,10.93388773,13.0100
1627348516735000,1,70.24531774,13.0000
1627348516735000,1,27.02425918,13.0000
1627348541273000,0,46.24369518,13.0300
1627348558056000,1,9.81137591,13.0300
1627348558056000,1,24.52506473,13.0300
1627348558056000,1,63.75355936,13.0300
1627348582817000,1,8.71000000,13.0200
1627348582877000,1,0.00580821,13.0200
1627348730332000,1,8.35365333,12.9400
1627348782730000,1,8.30000000,12.8700
1627348783676000,1,20.76763581,12.8600
1627348783676000,1,0.00236419,12.8600
1627348783688000,1,8.30623921,12.8600
1627348785993000,1,8.22377436,12.8500
1627348785993000,1,20.55622564,12.8500
1627348786113000,1,0.00321026,12.8500
1627348795071000,1,7.25068891,12.8500
1627348795071000,1,7.24931109,12.8500
1627348808829000,0,66.16000000,12.9100
1627348813468000,1,20.31804047,12.8900
1627348813468000,1,8.29255429,12.8900
1627348813806000,1,57.69000000,12.8800
1627348839629000,1,7.91743009,12.8800
1627348839629000,1,19.78256991,12.8800
1627348839715000,1,0.00608910,12.8800
1627348841205000,0,380.00000000,12.8800
1627348863100000,1,19.07166197,12.8200
1627348922780000,1,7.60871753,12.8900
1627348922780000,1,19.01128247,12.8900
1627348933671000,0,38.82000000,12.9000
1627348933722000,0,27.37294818,12.9000
1627348936718000,1,8.00000000,12.9000
1627348945797000,1,10.25000000,12.9100
1627348954614000,1,10.12000000,12.9200
1627348954617000,1,0.00858161,12.9200
1627348969008000,1,10.75000000,12.9200
1627348969193000,1,0.00394832,12.9200
1627349006001000,1,9.93000000,12.8900
1627349013241000,1,10.36000000,12.8700
1627349018373000,1,10.14000000,12.8700
1627349082708000,1,11.75763519,12.8500
1627349149988000,1,2.96000000,12.8500
1627349229886000,1,12.59000000,12.8900
1627349229962000,1,0.00756736,12.8900
1627349232002000,1,12.60000000,12.8800
1627349232030000,1,0.00441046,12.8800
1627349241950000,1,14.80381744,12.8600
1627349242189000,1,80.15375346,12.8600
1627349242189000,1,30.84452116,12.8600
1627349242189000,1,12.33172538,12.8600
1627349242190000,1,0.00608308,12.8600
1627349464458000,1,10.94000000,12.8800
1627349464509000,1,0.00065295,12.8800
1627349497773000,1,10.80000000,12.8900
1627349657933000,1,10.70000000,12.8700
1627349658040000,1,0.00275042,12.8700
1627349742991000,1,10.59848382,12.8500
1627349763844000,1,10.47000000,12.8600
1627349763890000,1,0.00306016,12.8600
1627349807168000,1,800.00000000,12.8000
1627349826281000,1,25.97000000,12.8100
1627349854612000,1,10.39125702,12.8100
1627349879539000,1,9.85000000,12.8200
1627349902117000,1,9.78000000,12.7800
1627349905223000,0,332.00000000,12.7900
1627349916391000,1,9.38479294,12.7600
1627349959055000,1,9.58000000,12.7600
1627349986900000,1,9.48703354,12.7500
1627350045372000,1,9.35000000,12.7800
1627350045399000,1,0.00826024,12.7800
1627350059472000,1,9.24000000,12.7900
1627350059542000,1,0.00572817,12.7900
1627350079337000,1,9.13000000,12.8000
1627350141520000,1,9.08000000,12.8000
1627350141521000,1,0.00119961,12.8000
1627350300956000,1,4.87000000,12.7600
1627350372673000,0,12.23000000,12.8800
1627350372684000,0,36.64000000,12.8800
1627350391145000,1,9.75000000,12.8900
1627350391171000,1,0.00748243,12.8900
1627350480306000,1,9.61811888,12.9300
1627350480306000,1,24.05942661,12.9300
1627350506786000,1,9.24000000,12.9200
1627350532691000,1,9.15494231,12.9100
1627350588583000,1,9.03000000,12.9400
1627350588634000,1,0.00363646,12.9400
1627350594859000,1,8.85296373,12.9300
1627350620384000,1,8.49000000,12.9200
1627350620438000,1,0.00394066,12.9200
1627350654772000,1,8.40000000,12.9100
1627350762261000,1,9.24000000,12.8900
1627350816461000,1,9.13000000,12.8900
1627350816513000,1,0.00885991,12.8900
1627351008278000,1,22.78154189,12.9000
1627351008278000,1,9.11346376,12.9000
1627351032896000,1,8.76000000,12.8900
1627351032942000,1,0.00721971,12.8900
1627351034210000,1,8.77000000,12.8800
1627351034261000,1,0.00511529,12.8800
1627351131656000,1,8.56000000,12.8500
1627351131696000,1,0.00113541,12.8500
1627351226444000,1,8.48520873,12.8300
1627351226444000,1,21.20740186,12.8300
1627351226444000,1,53.43037406,12.8300
1627351329145000,1,7.59000000,12.9200
1627351329218000,1,0.00418096,12.9200
1627351399175000,0,429.19198465,12.9400
1627351399175000,0,66.02084578,12.9400
1627351473838000,1,15.37016311,12.9200
1627351536492000,1,15.48000000,12.9400
1627351562454000,1,15.27000000,12.9700
1627351562508000,1,0.00940751,12.9700
1627351571212000,1,15.27000000,12.9600
1627351571223000,1,0.00940751,12.9600
1627351633476000,1,9.24000000,12.9400
1627351633667000,1,5.72510800,12.9400
1627351674562000,1,14.79000000,12.9500
1627351674566000,1,0.00523975,12.9500
1627351750200000,1,14.62000000,12.9500
1627351750200000,1,0.00697161,12.9500
1627351808312000,1,14.45000000,12.9600
1627351808316000,1,0.00393493,12.9600
1627351904319000,0,548.00000000,13.0000
1627351936600000,1,14.25000000,12.9900
1627352057008000,1,14.13866210,12.9500
1627352149370000,0,527.24000000,12.9800
1627352149517000,0,10.76000000,12.9800
1627352231094000,1,99.97000000,12.9500
1627352231224000,1,0.00405925,12.9500
1627352480414000,1,18.74427952,12.9900
1627352594491000,1,18.17672867,12.9800
1627352594511000,1,0.37095365,12.9800
1627352621741000,1,18.34000000,12.9800
1627352650572000,1,18.13885668,12.9700
1627352854717000,1,17.94000000,12.9700
1627352854739000,1,0.00511603,12.9700
1627353146788000,1,17.44239784,12.9200
1627353147461000,1,0.35596730,12.9200
1627353270487000,1,44.16026268,12.8700
1627353270487000,1,16.43111214,12.8700
1627353637790000,1,32.97000000,12.8800
1627353637871000,1,64.62012116,12.8800
1627353862833000,0,101.02000000,12.8400
1627353862887000,0,0.00255196,12.8400
1627353947975000,1,16.16000000,12.8600
1627353962153000,1,15.98000000,12.8600
1627353962166000,1,0.00129247,12.8600
1627354041075000,1,15.73274791,12.9100
1627354041075000,1,13.79725209,12.9100
1627354181942000,0,101.04000000,12.9300
1627354333978000,0,34.81000000,12.9000
1627354334108000,0,31.29783663,12.9000
1627354334108000,0,165.26464400,12.9000
1627354382063000,0,41.37000000,12.9100
1627354382193000,0,66.16841498,12.9100
1627354442393000,1,15.27000000,12.9300
1627354442412000,1,79.44021235,12.9300
1627354659714000,1,100.56000000,12.8600
1627354869558000,0,100.83000000,12.7900
1627354928054000,0,94.00643877,12.8300
1627355035868000,0,93.03000000,12.8100
1627355035972000,0,95.09000000,12.8100
1627355036107000,0,245.39991605,12.8100
1627355045499000,1,97.06865529,12.7900
1627355045522000,1,1.98099296,12.7900
1627355146183000,1,98.20000000,12.7900
1627355170910000,1,17.69301712,12.7900
1627355466321000,0,102.35000000,12.8400
1627355466328000,0,0.00202744,12.8400
1627355709333000,1,17.32000000,12.9100
1627355709341000,1,0.00949882,12.9100
1627355914256000,1,99.59015921,12.9200
1627355914256000,1,17.10984079,12.9200
1627355914256000,1,0.00271431,12.9200
1627357276086000,0,93.27172457,13.0100
1627357805973000,1,96.46000000,13.0700
1627357806003000,1,0.00084260,13.0700
1627358847654000,0,5.36000000,13.0600
1627358847722000,0,93.42754100,13.0600
1627359307544000,1,6.28000000,13.1800
1627360861014000,0,65.22000000,13.0900
1627360861058000,0,0.00406938,13.0900
1627360862185000,0,65.15000000,13.1000
1627360862259000,0,0.00632688,13.1000
1627360953768000,1,54.10000000,13.0900
1627360953796000,1,42.26823533,13.0900
1627361320220000,0,100.71000000,13.1900
1627361358274000,1,100.75000000,13.2000
1627361358288000,1,0.00307796,13.2000
1627361444448000,1,93.81051822,13.1700
1627361444587000,1,1.91450037,13.1700
1627361511962000,1,13.50000000,13.1500
1627361511962000,1,21.05398849,13.1500
1627362204494000,0,91.71522492,13.1600
1627362605820000,1,16.44000000,13.1100
1627362605872000,1,0.00459130,13.1100
1627362885400000,0,47.22000000,13.0700
1627362885462000,0,48.67743930,13.0700
1627363467117000,0,385.00000000,13.1800
1627363524535000,1,100.98000000,13.1600
1627363602675000,1,16.19000000,13.1800
1627363602682000,1,0.00244344,13.1800
1627363666077000,0,92.97525040,13.2100
1627363723278000,1,15.97439199,13.2100
1627363723278000,1,39.92560801,13.2100
1627363800634000,0,61.00000000,13.2100
1627363800680000,0,3.63945322,13.2100
1627364149158000,1,98.09871111,13.1500
1627364149158000,1,23.99128889,13.1500
1627364149216000,1,0.00671367,13.1500
1627364170737000,0,8.25000000,13.1500
1627364186582000,1,23.29504150,13.1300
1627364444221000,0,8.25000000,13.1500
1627364499568000,1,23.48000000,13.1400
1627364499673000,1,0.00809474,13.1400
1627364527768000,1,23.23669377,13.1400
1627364768187000,1,22.68000000,13.1500
1627364768236000,1,0.00806999,13.1500
1627364862572000,1,22.18000000,13.1500
1627364862645000,1,0.00853695,13.1500
1627365407017000,0,16.46526142,13.2200
1627365407017000,0,17.05516218,13.2200
1627365496881000,1,21.48000000,13.2200
1627365496989000,1,0.00535568,13.2200
1627368793763000,0,50.04000000,13.2000
1627368939139000,1,20.03967599,13.1500
1627368939139000,1,16.04032401,13.1500
1627368939166000,1,34.07486359,13.1500
1627369398832000,1,18.91000000,13.2100
1627369398954000,1,0.00473259,13.2100
1627369679234000,1,92.79000000,13.2600
1627369679282000,1,0.00321645,13.2600
1627369870471000,1,18.68653550,13.2300
1627369961603000,1,18.09610525,13.2300
1627370552715000,1,18.22000000,13.2700
1627370552857000,1,0.00011017,13.2700
1627370753380000,1,18.02000000,13.2600
1627371202382000,0,100.15972104,13.1900
1627371220261000,1,17.71000000,13.1900
1627371220295000,1,0.00671159,13.1900
1627371485352000,1,17.09779890,13.2400
1627371485491000,1,0.34893467,13.2400
1627371896089000,1,17.24000000,13.2400
1627371973915000,1,17.04393335,13.2500
1627371973915000,1,42.60606665,13.2500
1627371973968000,1,0.00119490,13.2500
1627371979535000,1,101.16000000,13.2200
1627372130557000,1,15.77000000,13.1900
1627372130595000,1,0.00554958,13.1900
1627372624839000,1,15.46000000,13.3000
1627372899726000,1,15.29000000,13.2800
1627372907409000,0,160.78457662,13.2900
1627372907409000,0,60.98542338,13.2900
1627372907479000,0,357.01244267,13.2900
1627372907479000,0,64.31567693,13.2900
1627372930043000,1,22.37954474,13.2700
1627373001256000,0,4.54107008,13.2700
1627373135450000,0,99.88000000,13.2400
1627373135460000,0,0.00186783,13.2400
1627373145478000,1,21.31000000,13.2500
1627373145488000,1,0.00187194,13.2500
1627373577095000,1,20.92000000,13.2900
1627373577110000,1,0.00015477,13.2900
1627373654319000,1,20.65000000,13.3100
1627373758537000,1,6.07000000,13.3400
1627373758581000,1,14.30235336,13.3400
1627373781956000,1,20.13000000,13.3500
1627374016740000,1,19.60000000,13.4000
1627374756166000,1,97.08000000,13.3600
1627374845678000,0,97.76773119,13.3800
1627374902455000,1,18.55000000,13.3800
1627374902688000,1,0.00278070,13.3800
1627375006870000,1,18.37000000,13.3500
1627375508257000,1,18.23000000,13.3100
1627375634370000,1,17.97000000,13.3500
1627375634396000,1,0.00297755,13.3500
1627375988280000,1,17.74000000,13.3700
1627375988305000,1,0.00205676,13.3700
1627376899334000,1,15.53000000,13.4000
1627377112553000,1,15.38000000,13.3700
1627377112595000,1,0.00764332,13.3700
1627377135801000,0,8.14000000,13.3800
1627377135824000,0,0.00414561,13.3800
1627377361939000,1,15.94000000,13.3400
1627377361967000,1,22.16263245,13.3400
1627377361967000,1,99.09596727,13.3400
1627377361967000,1,15.25155838,13.3400
1627377415438000,0,8.16000000,13.3400
1627377481491000,0,42.36000000,13.3300
1627377481497000,0,58.40375060,13.3300
1627377536875000,1,13.02000000,13.3200
1627377628918000,0,0.00675421,13.3400
1627377639834000,1,12.85256684,13.3500
1627377639834000,1,32.12227573,13.3500
1627378378773000,1,12.05470854,13.3600
1627378939247000,0,63.61000000,13.4300
1627378939255000,0,0.00545678,13.4300
1627378973288000,1,12.57000000,13.4300
1627378973290000,1,0.00880847,13.4300
1627379040787000,1,12.39264906,13.4800
1627379040787000,1,3.18735094,13.4800
1627379059295000,0,63.38237365,13.4800
1627379105498000,0,27.94000000,13.5000
1627379105501000,0,4.93000000,13.5000
1627379105539000,0,30.44690140,13.5000
1627379178483000,0,63.25342028,13.5100
1627379178483000,0,13.41657972,13.5100
1627379178528000,0,144.75234998,13.5100
1627379296447000,1,16.06727650,13.5000
1627379296447000,1,97.99272350,13.5000
1627379296686000,1,0.00010978,13.5000
1627379622543000,1,92.33000000,13.5500
1627379622566000,1,0.00543518,13.5500
1627379818002000,1,15.86000000,13.5200
1627379818030000,1,0.00299922,13.5200
1627379892391000,1,15.39268597,13.5000
1627381338997000,0,95.43618876,13.4600
1627381338997000,0,13.10000000,13.4600
1627381338997000,0,76.74167157,13.4600
1627382243024000,1,15.33000000,13.5200
1627382243116000,1,0.00226525,13.5200
1627382673334000,1,14.33000000,13.5500
1627382698430000,0,29.04000000,13.5700
1627383304750000,0,61.82937947,13.5500
1627383308492000,0,80.28554943,13.5600
1627383308492000,0,157.63285971,13.5600
1627383308492000,0,78.58107073,13.5600
1627383311013000,0,78.67983844,13.5600
1627383318256000,0,43.22996000,13.5600
1627383330655000,0,15.74805573,13.5600
1627383367189000,0,16.05116428,13.5900
1627383367189000,0,11.00000000,13.5900
1627383367189000,0,15.18911771,13.6000
1627383405461000,0,8.00000000,13.6000
1627383433155000,1,98.79828087,13.5900
1627383433155000,1,17.58602045,13.5900
1627384602876000,0,96.31000000,13.5100
1627384664425000,1,17.29000000,13.5200
1627384664426000,1,0.00178129,13.5200
1627385480366000,1,17.06115783,13.5400
1627385737040000,1,16.84000000,13.5600
1627385914755000,1,16.58000000,13.6300
1627386419742000,1,35.31000000,13.6300
1627386419763000,1,55.11933484,13.6300
1627386506731000,0,51.53000000,13.6600
1627386677502000,0,9.47000000,13.7700
1627386677528000,0,54.04720550,13.7700
1627386772512000,1,15.75461581,13.8300
1627386773955000,0,15.78208305,13.8500
1627386773955000,0,15.78208305,13.8600
1627386773955000,0,4.33947214,13.8700
1627386917857000,1,1.92063543,13.8300
1627386917892000,1,0.03919664,13.8300
1627386960874000,1,97.84529375,13.8400
1627386988251000,1,46.39816070,13.8400
1627386988251000,1,15.88183930,13.8400
1627386988278000,1,0.00580717,13.8400
1627387248663000,1,41.32262120,13.8900
1627387251184000,1,15.30469791,13.8700
1627387692589000,0,98.01000000,13.7500
1627387692603000,0,0.00734129,13.7500
1627387933366000,0,90.05000000,13.7800
1627388085125000,0,62.02000000,13.7800
1627388210184000,1,89.94446568,13.7500
1627388906493000,0,27.67000000,13.7800
1627388906536000,0,70.19162055,13.7800
1627388974949000,1,31.98000000,13.7600
1627389257222000,0,51.81000000,13.8500
1627389257395000,0,47.95000000,13.8500
1627389288770000,0,61.69918599,13.8600
1627389695464000,0,153.06053878,13.9700
1627389695464000,0,61.22841826,13.9700
1627389695464000,0,10.95946676,13.9700
1627389697319000,0,4.50496848,13.9700
1627389749517000,0,10.78000000,13.9900
1627389799464000,1,95.62124297,13.9900
1627389920512000,1,95.82837087,13.9400
1627390012327000,0,32.62000000,13.9700
1627390012401000,0,64.77264229,13.9700
1627390305238000,0,18.76896000,14.0600
1627390378991000,1,92.42000000,14.0200
1627390638346000,0,92.64000000,14.0600
1627390771132000,1,90.83000000,14.0300
1627390823834000,1,91.26000000,14.0200
1627390823846000,1,0.00247894,14.0200
1627390864863000,0,13.12000000,14.0700
1627390864899000,0,81.51162276,14.0700
1627390886148000,0,88.98000000,14.1000
1627390907169000,0,4.98289308,14.1300
1627390907169000,0,7.31710692,14.1300
1627391227180000,1,39.28273297,14.1000
1627391227180000,1,15.71131163,14.1000
1627391238561000,1,15.11000000,14.0900
1627391307189000,1,14.67783887,14.0600
1627391424205000,1,36.59862895,14.0600
1627391424205000,1,14.63137105,14.0600
1627391424291000,1,0.00391888,14.0600
1627391443282000,1,14.07000000,14.0500
1627391443295000,1,0.00904153,14.0500
1627391452936000,1,13.91000000,14.0500
1627391452968000,1,0.00825466,14.0500
1627391814876000,1,13.35000000,13.9700
1627391814946000,1,0.00370620,13.9700
1627392118625000,1,94.88000000,14.0200
1627392118627000,1,0.00762117,14.0200
1627392306642000,1,79.29000000,14.0200
1627392406339000,1,19.10374404,14.0000
1627392406339000,1,31.72625596,14.0000
1627392473641000,1,6.19000000,14.0100
1627392473671000,1,12.33795391,14.0100
1627392473671000,1,46.31525747,14.0100
1627392492297000,1,5.41529511,14.0100
1627393376388000,0,89.68000000,14.0800
1627393729700000,1,77.08501349,14.0300
1627393729700000,1,12.69498651,14.0300
1627393729718000,1,4.74653003,14.0300
1627394138304000,0,97.36000000,14.0100
1627394138304000,0,0.00985039,14.0100
1627394866545000,1,15.69000000,13.7400
1627394866549000,1,0.00737819,13.7400
1627395153516000,1,15.55609192,13.7100
1627395222117000,1,12.80000000,13.7100
1627395243758000,1,12.90000000,13.6800
1627395246989000,1,92.20529997,13.6700
1627395254234000,0,62.60000000,13.6700
1627395254244000,0,0.00958273,13.6700
1627395261910000,0,62.55000000,13.6700
1627395384734000,0,89.25768377,13.7100
1627395600216000,1,302.00000000,13.7500
1627396030472000,1,332.00000000,13.7900
1627396396514000,1,126.51800000,13.9900
1627396396532000,1,229.48200000,13.9900
1627396446155000,0,12.16000000,13.9700
1627396446213000,0,13.61120424,13.9700
1627396446213000,0,64.42748566,13.9700
1627396628305000,1,15.41218798,13.9800
1627396628305000,1,38.54424618,13.9800
1627396628305000,1,100.17584470,13.9800
1627396636177000,0,61.25000000,13.9500
1627396636307000,0,0.00877676,13.9500
1627396669160000,0,61.40246219,13.9200
1627396669160000,0,153.49753781,13.9200
1627396669210000,0,0.00671231,13.9200
1627397252474000,1,78.31246027,13.8300
1627397252474000,1,96.62169788,13.8300
1627397252474000,1,12.92776387,13.8300
1627397479539000,0,93.93000000,13.8500
1627398105730000,0,97.65000000,13.8800
1627398105750000,0,0.00366957,13.8800
1627398167595000,1,97.00000000,13.8900
1627398640370000,0,98.93203263,13.9400
1627398640370000,0,185.27786033,13.9400
1627398872063000,0,38.79009481,14.0000
1627398872063000,0,10.51054262,14.0000
1627398872069000,0,198.61080656,14.0000
1627398872082000,0,33.11995854,14.0000
1627398976383000,0,95.51000000,14.0200
1627399017956000,1,14.87000000,13.9900
1627399018009000,1,0.00768209,13.9900
1627399174290000,0,91.77000000,14.0000
1627399174321000,0,0.00096667,14.0000
1627399187292000,1,12.92226646,14.0000
1627399187292000,1,5.14173354,13.9900
1627399218656000,0,152.05786374,14.0300
1627399218656000,0,60.80907476,14.0300
1627399827022000,1,12.30000000,13.9100
1627399827022000,1,32.23571428,13.9000
1627399962453000,1,7.87000000,13.8300
1627399962497000,1,6.74676921,13.8300
1627400010551000,1,14.46801360,13.8100
1627400010551000,1,36.16846340,13.8100
1627400010564000,1,0.00000001,13.8100
1627400044364000,1,13.89000000,13.8200
1627400594409000,0,61.93000000,13.7600
1627400594441000,0,0.00793871,13.7600
1627400732132000,0,61.75809956,13.7900
1627400914270000,0,50.88000000,13.8400
1627401606348000,1,14.31000000,13.8000
1627401606368000,1,0.00641287,13.8000
1627401646732000,1,14.13000000,13.8200
1627401646741000,1,0.00484038,13.8200
1627401857575000,1,13.57000000,13.7500
1627401857682000,1,0.00466242,13.7500
1627401879923000,1,13.42000000,13.7500
1627402083417000,1,13.24380832,13.7800
1627402083417000,1,33.09619168,13.7800
1627402083460000,1,0.00660317,13.7800
1627402572783000,0,58.31000000,13.6300
1627402572786000,0,4.20141625,13.6300
1627402750876000,0,62.35000000,13.6600
1627402750883000,0,0.00521361,13.6600
1627403947169000,1,12.39308000,13.6000
1627404321694000,1,12.44600000,13.5500
1627404346036000,1,14.20000000,13.5200
1627404346066000,1,0.00773928,13.5200
1627404436165000,1,524.00000000,13.5400
1627404552912000,1,18.67000000,13.4900
1627404553006000,1,79.36310377,13.4900
1627404867913000,1,93.72413860,13.4200
1627405060354000,1,12.68000000,13.4000
1627405060373000,1,235.44000000,13.4000
1627405060405000,1,101.88000000,13.4000
1627405230637000,1,17.03000000,13.4000
1627405230653000,1,0.00833109,13.4000
1627405415186000,1,16.76000000,13.4600
1627405415187000,1,0.00829563,13.4600
1627405452266000,1,16.58384998,13.4500
1627405658201000,1,530.00000000,13.4300
1627405658201000,1,41.04409812,13.4300
1627405658201000,1,16.41590188,13.4300
1627405758818000,1,15.77000000,13.4400
1627405758821000,1,0.00549589,13.4400
1627405897099000,0,100.49000000,13.4200
1627405952663000,1,15.60000000,13.4300
1627405952688000,1,0.00820658,13.4300
1627406183801000,1,15.37422400,13.4700
1627406416430000,1,15.23000000,13.4300
1627406416435000,1,0.00846451,13.4300
1627406485478000,1,15.06097366,13.4500
1627406485478000,1,37.64902634,13.4500
1627406485504000,1,0.00508688,13.4500
1627406798894000,1,14.49670670,13.4200
1627407094821000,1,14.25000000,13.5000
1627407094843000,1,0.00450998,13.5000
1627407218860000,1,14.09708180,13.4900
1627407328782000,1,14.00038688,13.4400
1627407328782000,1,9.62961312,13.4400
1627407328823000,1,310.37038688,13.4400
1627407389938000,1,13.81141345,13.4600
1627407389938000,1,34.54289275,13.4600
1627407465583000,1,13.30790150,13.4300
1627407465583000,1,33.26209850,13.4300
1627407511845000,1,12.75000000,13.4600
1627407511867000,1,0.00600094,13.4600
1627407560605000,1,12.59000000,13.4700
1627407560643000,1,0.00974117,13.4700
1627407650780000,1,12.45000000,13.4800
1627407650828000,1,0.00171744,13.4800
1627407705514000,1,12.32000000,13.4600
1627407896927000,1,12.15000000,13.5000
1627407896951000,1,0.00391103,13.5000
1627408270401000,1,12.06000000,13.4500
1627408270493000,1,0.00309662,13.4500
1627408681433000,1,11.90000000,13.4700
1627408707122000,1,11.91266688,13.4600
1627408707122000,1,15.26733312,13.4600
1627409080638000,1,11.55000000,13.3600
1627409080682000,1,0.00527012,13.3600
1627409109332000,1,11.41000000,13.3800
1627409109434000,1,0.00119325,13.3800
1627409281732000,0,32.10000000,13.3300
1627412869657000,0,1.95983207,13.5400
1627419216238000,1,4.00000000,13.6800
1627422058504000,0,77.82397730,13.8700
1627422061494000,0,12.52771449,13.8700
1627422192897000,1,11.75490923,13.9100
1627423934438000,0,36.49890590,13.7100
1627425640615000,0,10.96766806,13.9800
1627425640677000,0,9.58465096,13.9800
1627425640687000,0,18.46228092,13.9800
1627425640689000,0,21.90464525,13.9800
1627425706624000,0,60.71358166,14.0300
1627425706668000,0,0.00000001,14.0300
1627425708328000,0,79.27784402,14.0500
1627425917877000,1,11.34589751,14.0400
1627425917933000,1,0.00000001,14.0400
1627428600817000,0,61.30000000,13.8900
1627428600848000,0,0.00207018,13.8900
1627428600848000,0,61.29792982,13.8900
1627428600876000,0,61.30000000,13.8900
1627428600996000,0,30.66637963,13.8900
1627429925056000,0,61.11332072,13.9400
1627430004920000,1,13.06000000,13.9800
1627430004940000,1,0.00540199,13.9800
1627430015577000,0,60.89276514,13.9900
1627430091118000,1,13.55000000,14.0300
1627430091169000,1,0.00446781,14.0300
1627430091169000,1,33.88037496,14.0300
1627430235723000,0,60.65000000,14.0400
1627430300130000,0,60.60000000,14.0600
1627430300173000,0,0.00430485,14.0600
1627430341415000,0,60.56000000,14.0600
1627430394036000,1,15.02000000,14.0700
