timestamp ms,type,amount,price
1625011295673000,1,15.35000000,14.1100
1625011295746000,1,0.00575997,14.1100
1625011302831000,1,15.37000000,14.0900
1625011302916000,1,0.00972441,14.0900
1625011415650000,1,15.09205293,14.0300
1625011415650000,1,37.74410904,14.0300
1625011415650000,1,98.13383803,14.0300
1625011494022000,1,41.67000000,14.0000
1625011494069000,1,1386.68071428,14.0000
1625011494069000,1,13.41602861,14.0000
1625011538966000,1,33.26667451,13.9500
1625011538966000,1,13.31332549,13.9500
1625011538966000,1,0.00935807,13.9500
1625011610226000,1,165.00000000,13.9000
1625011673206000,1,4.37000000,13.9100
1625011673210000,1,8.46597230,13.9100
1625011903944000,0,2.30000000,13.9600
1625012377610000,0,12.50000000,13.9200
1625012766275000,0,45.00000000,14.1200
1625013197367000,0,4.76000000,14.1800
1625013197433000,0,0.00228300,14.1800
1625013443564000,0,41.16845999,14.2500
1625013443564000,0,0.00000001,14.2500
1625013480156000,1,85.83000000,14.2400
1625013480170000,1,0.00668728,14.2400
1625014071621000,1,2.64000000,14.1700
1625014087260000,1,3.35000000,14.1600
1625014104881000,1,0.00063100,14.1600
1625014669330000,1,5.47000000,14.1700
1625014686746000,1,0.00330500,14.1700
1625014705492000,1,2.13761226,14.1500
1625014705509000,1,0.04362474,14.1500
1625014968443000,1,14.93102369,14.0100
1625014968443000,1,37.30897631,14.0100
1625014968469000,1,0.00208114,14.0100
1625014983421000,0,60.03673416,14.0200
1625014983502000,0,1.22523947,14.0200
1625015499307000,0,85.16172184,13.9900
1625016354378000,0,2.60000000,13.9400
1625016799075000,0,89.72000000,13.9300
1625016799115000,0,0.00230702,13.9300
1625017170043000,1,14.67000000,14.0300
1625017170104000,1,0.00941919,14.0300
1625017205127000,1,14.53000000,14.0100
1625017205294000,1,0.00812679,14.0100
1625017489287000,1,14.41000000,14.0100
1625017531015000,1,14.29271503,13.9400
1625017531015000,1,35.78728497,13.9400
1625017578551000,0,61.58919355,13.9500
1625017578551000,0,130.29080645,13.9500
1625017596911000,1,15.87000000,13.9800
1625017596913000,1,0.00074489,13.9800
1625018768754000,1,4.54000000,13.9400
1625020958025000,1,6.29819500,14.0900
1625021403126000,1,15.32000000,14.1500
1625021403138000,1,0.00445984,14.1500
1625021411810000,1,38.35069813,14.1300
1625021411810000,1,15.16930187,14.1300
1625021596439000,1,12.20000000,14.1300
1625022002383000,1,14.60000000,14.1000
1625022710043000,1,14.62000000,13.9300
1625022901228000,1,5.77000000,13.8900
1625022901229000,1,2.62000000,13.8900
1625022901233000,1,2.64734618,13.8900
1625022905387000,1,27.60965785,13.8800
1625022905387000,1,11.03034215,13.8800
1625022905419000,1,0.00700403,13.8800
1625023010140000,1,10.47000000,13.8900
1625023051274000,1,10.37000000,13.8700
1625023051290000,1,0.00870970,13.8700
1625023123929000,1,10.37000000,13.8200
1625023350005000,1,3.32000000,13.8200
1625023350089000,1,6.93805576,13.8200
1625023350089000,1,10.25805576,13.8200
1625023411372000,0,8.76224169,13.7800
1625023411560000,0,147.25658712,13.7800
1625023411560000,0,62.40115888,13.7800
1625023411698000,0,62.31843954,13.7900
1625023411725000,0,4.10000000,13.8000
1625023438906000,1,13.76914390,13.8100
1625023438906000,1,34.42285974,13.8100
1625023438909000,1,0.00000001,13.8100
1625023507430000,0,62.20632861,13.8200
1625023562251000,1,14.88306144,13.8700
1625023562251000,1,37.20765359,13.8700
1625023562251000,1,12.39766208,13.8700
1625023562259000,1,65.62698057,13.8700
1625023562572000,1,96.74000000,13.8600
1625023739982000,1,15.68000000,13.8400
1625024226754000,1,38.82361835,13.8100
1625024226754000,1,15.53349170,13.8100
1625024234921000,1,15.53000000,13.8000
1625024343769000,1,95.88000000,13.8100
1625024525570000,1,13.65335219,13.8300
1625025059618000,1,5.88000000,13.8400
1625025059686000,1,29.73836825,13.8400
1625025059686000,1,14.25207954,13.8400
1625025085600000,1,13.70712940,13.8300
1625025085604000,1,0.00000001,13.8300
1625025154974000,1,13.52000000,13.8600
1625025154974000,1,0.00496429,13.8600
1625025164855000,1,8.14000000,13.8500
1625025200743000,1,13.28000000,13.8500
1625025200771000,1,0.00243637,13.8500
1625025321047000,0,18.55779493,13.8400
1625025321301000,0,43.54433777,13.8400
1625025321434000,0,62.04466624,13.8500
1625025324437000,0,12.40000000,13.8600
1625025533409000,1,14.42000000,13.8200
1625025547399000,1,12.90109767,13.7800
1625025564917000,1,34.69759532,13.7700
1625025564917000,1,13.87903813,13.7700
1625025564917000,1,91.08234551,13.7700
1625025564917000,1,11.46356144,13.7600
1625025567774000,0,62.38000000,13.7700
1625025567797000,0,0.00262950,13.7700
1625025606174000,1,87.64000000,13.7600
1625025620584000,0,78.61284934,13.8400
1625025645275000,1,17.64000000,13.8200
1625025650176000,1,17.64488115,13.8100
1625025807150000,1,43.06947133,13.8300
1625025807150000,1,17.23276759,13.8300
1625025807150000,1,21.37776108,13.8300
1625025807235000,1,90.65300379,13.8300
1625026125480000,0,78.63415801,13.8000
1625026197775000,1,15.39000000,13.7800
1625026528475000,0,89.66000000,13.8900
1625026769057000,1,15.11457223,13.8800
1625026769057000,1,37.78542777,13.8800
1625026769120000,1,0.00100280,13.8800
1625026934066000,1,14.52000000,13.8700
1625027353478000,1,14.40000000,13.8300
1625027573446000,1,14.19000000,13.8800
1625027784438000,1,11.92000000,13.8600
1625027784438000,1,0.00234611,13.8600
1625027800599000,1,11.81000000,13.8400
1625027800606000,1,0.00333720,13.8400
1625027869017000,1,11.60000000,13.8200
1625027869067000,1,0.00675393,13.8200
1625027869403000,1,29.01688482,13.8100
1625027869403000,1,11.60311518,13.8100
1625027896932000,1,10.85000000,13.8000
1625027920482000,1,10.72000000,13.8000
1625027925861000,1,10.53000000,13.7800
1625027925996000,1,0.00574064,13.7800
1625027960067000,1,10.40000000,13.8000
1625027977494000,1,10.12840823,13.7700
1625028052424000,1,9.65000000,13.7600
1625028064867000,1,9.78321303,13.7500
1625028064867000,1,0.00000001,13.7500
1625028076436000,1,9.68000000,13.7200
1625028076484000,1,0.00835310,13.7200
1625028243678000,1,27.70207153,13.6900
1625028243678000,1,4.71792847,13.6900
1625028243757000,1,6.36290014,13.6900
1625028304076000,1,10.65000000,13.6800
1625028304122000,1,0.00644051,13.6800
1625028374937000,1,10.43000000,13.6800
1625028403403000,1,64.59698570,13.6400
1625028403403000,1,24.84893506,13.6400
1625028403403000,1,9.92407924,13.6400
1625028420822000,0,4.70000000,13.6300
1625028458879000,1,22.05035099,13.6400
1625028458879000,1,8.81964901,13.6400
1625028458920000,1,0.00074977,13.6400
1625028461281000,1,8.82000000,13.6200
1625028476096000,1,8.38000000,13.6300
1625028476102000,1,0.00864832,13.6300
1625028487603000,1,8.29000000,13.6200
1625028505660000,1,8.20441994,13.6200
1625028505660000,1,20.51074877,13.6200
1625028575841000,0,11.69200000,13.6300
1625028586413000,0,1.30800000,13.6300
1625028586413000,0,7.78300000,13.6400
1625028843771000,1,7.73449472,13.6200
1625028873670000,1,19.12156055,13.6100
1625028873670000,1,7.65030892,13.6100
1625029004285000,1,111.78000000,13.6200
1625029046090000,1,15.57000000,13.6300
1625029046183000,1,0.00502219,13.6300
1625029186518000,1,38.67258984,13.5600
1625029186518000,1,15.47154352,13.5600
1625029203870000,0,63.30835487,13.5800
1625029203870000,0,158.19164513,13.5800
1625029203888000,0,0.00942912,13.5800
1625029227302000,1,17.31000000,13.6000
1625029227325000,1,0.00527780,13.6000
1625029284482000,1,17.17730890,13.5500
1625029330229000,1,16.14000000,13.5800
1625029330233000,1,26.22350115,13.5800
1625029330233000,1,16.94340556,13.5800
1625029361692000,1,16.24386033,13.6100
1625029361692000,1,40.58819199,13.6100
1625029431297000,1,14.35000000,13.6000
1625029592008000,1,14.11353250,13.6800
1625029592008000,1,35.26646750,13.6800
1625029592036000,1,0.00705559,13.6800
1625029604327000,1,13.56236517,13.6700
1625029604327000,1,33.89763483,13.6700
1625029604362000,1,0.00827811,13.6700
1625029624016000,1,13.03000000,13.6700
1625029731024000,1,16.34000000,13.6600
1625029802369000,1,16.15000000,13.6500
1625029803132000,1,0.00982061,13.6500
1625029922583000,1,16.01000000,13.6300
1625029922811000,1,0.00828434,13.6300
1625030050430000,1,6.44000000,13.6100
1625030050509000,1,9.40968009,13.6100
1625030132266000,1,15.62583082,13.6600
1625030132268000,1,0.00000001,13.6600
1625030196889000,1,9.40000000,13.6900
1625030207565000,1,38.55000000,13.6800
1625030207604000,1,0.00052822,13.6800
1625030209461000,1,10.04000000,13.6700
1625030209471000,1,28.25667411,13.6700
1625030209471000,1,15.32270087,13.6700
1625030404154000,1,14.29000000,13.6600
1625030448472000,0,62.87000000,13.6700
1625030530016000,1,96.80463437,13.6000
1625030530016000,1,37.24536563,13.6000
1625030554279000,0,37.72000000,13.6100
1625030554334000,0,25.42113718,13.6100
1625030711671000,1,36.51079895,13.6200
1625030711693000,1,27.91645260,13.6200
1625030711932000,1,35.22138397,13.6200
1625030711932000,1,14.09103440,13.6200
1625030712224000,1,91.62211277,13.6100
1625030747308000,1,11.78000000,13.6300
1625030747319000,1,0.00177226,13.6300
1625030850314000,1,11.58275341,13.7000
1625030850314000,1,28.94724659,13.7000
1625030850363000,1,0.00963694,13.7000
1625031031504000,1,11.09000000,13.7500
1625031060027000,1,10.97754021,13.7300
1625031060027000,1,27.45245979,13.7300
1625031292892000,1,10.42485746,13.7300
1625031292892000,1,26.05514254,13.7300
1625031516475000,1,10.01000000,13.7300
1625031516482000,1,0.00520674,13.7300
1625031792630000,0,25.91000000,13.7300
1625031792685000,0,36.69628647,13.7300
1625031870902000,1,10.99967243,13.7300
1625032139900000,0,5.07000000,13.8000
1625032172088000,0,0.00364600,13.8000
1625032175385000,1,11.03000000,13.8000
1625032317329000,1,59.36000000,13.7400
1625032317537000,1,11.86109456,13.7400
1625032317537000,1,27.39975888,13.7400
1625032317537000,1,10.96133814,13.7400
1625032935559000,1,15.87977253,13.7700
1625032935559000,1,78.66612223,13.7600
1625032935559000,1,30.52926300,13.7600
1625032935569000,1,72.74077625,13.7600
1625032935569000,1,14.00831922,13.7600
1625032935780000,1,103.24840264,13.7700
1625032935922000,0,39.71038035,13.7700
1625032936436000,1,15.88415214,13.7600
1625032936436000,1,39.71038035,13.7600
1625032936436000,1,386.00000000,13.7500
1625032936964000,1,89.71933340,13.7300
1625033157061000,1,14.86000000,13.8100
1625033157375000,1,0.00243285,13.8100
1625033213196000,1,91.43000000,13.8000
1625033913625000,1,84.27000000,13.8100
1625033976817000,1,17.88324349,13.8000
1625033976817000,1,72.10309008,13.8000
1625033976817000,1,6.36849537,13.8000
1625033976817000,1,44.69844199,13.8000
1625033976817000,1,116.17879204,13.8000
1625033976817000,1,8.18727043,13.7900
1625034133928000,1,87.50420271,13.7500
1625034154453000,1,89.09000000,13.7500
1625034166189000,1,84.82000000,13.7400
1625034322477000,1,103.28038021,13.7600
1625034322477000,1,39.77001955,13.7600
1625034322477000,1,15.90916312,13.7600
1625034634690000,1,38.66378749,13.8200
1625034634690000,1,15.45621251,13.8200
1625034634707000,1,0.00930249,13.8200
1625034659708000,0,62.22000000,13.8100
1625034659716000,0,0.00990744,13.8100
1625034677391000,1,14.83000000,13.8000
1625034686567000,1,14.66000000,13.7900
1625034686681000,1,0.00847979,13.7900
1625034700725000,1,14.50734160,13.7900
1625034700725000,1,36.26677688,13.7900
1625034700725000,1,1.33588152,13.7900
1625034904629000,0,12.60000000,13.8100
1625034911854000,0,12.60000000,13.8200
1625034917197000,1,14.09000000,13.8200
1625034941741000,1,14.10000000,13.8100
1625035118605000,1,82.76000000,13.8000
1625035206554000,0,3.88205600,13.7800
1625035579186000,0,83.39000000,13.7900
1625035715960000,1,15.27000000,13.8100
1625035716183000,1,0.00047431,13.8100
1625035728026000,1,15.10171247,13.8000
1625036532251000,0,28.93691080,13.7900
1625036806412000,1,14.88938006,13.7900
1625036806412000,1,37.20061994,13.7900
1625036806470000,1,0.00772109,13.7900
1625036905313000,1,12.50000000,13.7100
1625036905313000,1,14.17982384,13.7100
1625036905313000,1,35.44852595,13.7100
1625036905313000,1,92.17774551,13.7100
1625036905313000,1,16.18800901,13.7000
1625036905803000,1,14.18106437,13.7000
1625036905803000,1,92.17774551,13.7000
1625036981292000,1,88.99000000,13.6900
1625036985674000,0,62.82000000,13.6900
1625036985709000,0,0.00033437,13.6900
1625037039667000,0,5.33000000,13.6700
1625037039746000,0,57.61074673,13.6700
1625037039746000,0,157.35893867,13.6700
1625037135533000,1,83.25000000,13.6900
1625037186633000,1,16.82000000,13.6700
1625037203060000,1,22.30284207,13.6500
1625037321136000,1,79.33000000,13.6700
1625037333226000,1,88.09000000,13.6500
1625037866629000,1,16.53474342,13.7600
1625037907775000,1,285.69000000,13.7400
1625037909233000,1,0.00687045,13.7400
1625037910158000,1,106.39028898,13.7200
1625037910158000,1,40.88721659,13.7200
1625037910158000,1,16.36249443,13.7200
1625037986471000,0,18.85000000,13.7300
1625037986532000,0,64.42242307,13.7300
1625038093655000,0,62.76186154,13.7100
1625038093655000,0,52.26813846,13.7100
1625038093678000,0,104.62287329,13.7100
1625038160791000,1,79.08000000,13.7100
1625038526770000,1,78.97000000,13.7300
1625038585895000,1,16.77000000,13.7500
1625038607298000,1,16.55000000,13.7800
1625038607324000,1,0.00157882,13.7800
1625038994820000,1,15.99000000,13.8500
1625039412009000,1,15.80000000,13.8500
1625039996739000,1,15.09000000,13.8700
1625040090458000,1,36.79428229,13.8600
1625040337879000,1,14.86000000,13.8400
1625040705655000,1,15.38000000,13.8400
1625040840974000,1,15.22000000,13.8300
1625040841023000,1,0.00728119,13.8300
1625040922717000,1,15.08000000,13.8000
1625040922744000,1,0.00868265,13.8000
1625040974269000,1,14.92000000,13.7900
1625040987384000,1,14.76000000,13.7800
1625040989456000,1,14.76615944,13.7700
1625040989461000,1,0.00000001,13.7700
1625041392597000,1,35.73531445,13.8300
1625041392597000,1,43.00288878,13.8300
1625041392629000,1,49.86697812,13.8300
1625041392629000,1,12.60000000,13.8300
1625041392629000,1,14.28730981,13.8300
1625041392629000,1,1.97002176,13.8200
1625041572773000,1,12.41000000,13.8200
1625041781675000,0,12.40000000,13.8000
1625041999734000,0,12.90000000,13.8300
1625042131157000,1,11.84777975,13.8000
1625042131157000,1,29.62222025,13.8000
1625042326099000,1,10.99591155,13.7500
1625042344792000,0,3.20000000,13.7500
1625042345083000,0,59.31915072,13.7500
1625042381886000,0,12.70000000,13.7800
1625042428698000,0,12.70000000,13.7800
1625042437708000,0,62.34014417,13.7900
1625042451273000,0,12.80000000,13.8000
1625042644708000,0,61.18293192,13.7700
1625042796061000,0,62.83066170,13.6800
1625042796061000,0,157.06933830,13.6800
1625042796064000,0,0.00971445,13.6800
1625042873351000,1,87.75000000,13.6500
1625042914450000,1,15.37000000,13.6400
1625042914541000,1,0.00640744,13.6400
1625042928257000,1,79.53000000,13.6300
1625043366428000,1,16.25000000,13.5300
1625043367514000,1,16.25117649,13.5200
1625043367514000,1,40.68882351,13.5200
1625043381678000,0,12.50000000,13.5100
1625043403431000,0,12.18702698,13.5400
1625043403584000,0,51.22210400,13.5400
1625043403584000,0,158.55576554,13.5400
1625043403617000,0,412.21618457,13.5500
1625043404114000,0,63.42784188,13.5500
1625043404114000,0,158.56279444,13.5500
1625043473583000,1,28.92666279,13.5600
1625043636655000,1,28.17000000,13.5600
1625043677642000,1,28.00079945,13.4800
1625043700579000,1,5.96000000,13.4700
1625043756399000,1,27.62000000,13.4700
1625044432071000,0,1.80000000,13.5500
1625044521316000,0,13.10000000,13.5700
1625044525572000,0,13.00000000,13.5800
1625044573359000,1,25.68645908,13.5800
1625044573359000,1,79.78354092,13.5800
1625044573373000,1,0.00839863,13.5800
1625044677343000,1,79.42000000,13.6400
1625044784060000,1,35.34000000,13.6200
1625045238624000,1,62.96664011,13.5300
1625045238624000,1,25.18335989,13.5300
1625045258290000,1,24.24000000,13.5100
1625045493513000,1,22.98000000,13.5100
1625045493599000,1,0.00232327,13.5100
1625047190619000,0,11.88000000,13.4700
1625047190620000,0,71.88385439,13.4700
1625047235907000,1,19.75000000,13.5100
1625047518535000,1,27.65000000,13.5100
1625047528288000,1,98.24677249,13.5100
1625047528288000,1,48.42989568,13.5100
1625047528288000,1,19.37333183,13.5100
1625047528290000,1,0.00364328,13.5100
1625047532500000,1,43.00127083,13.5100
1625047532500000,1,111.80657528,13.5100
1625047532500000,1,17.19215389,13.5100
1625047532524000,1,0.00835444,13.5100
1625047536798000,1,17.20050833,13.5100
1625047536798000,1,43.00127083,13.5100
1625047536798000,1,111.79822084,13.5100
1625047536842000,1,0.00835444,13.5100
1625047538371000,1,13.33223275,13.5100
1625047538371000,1,33.33058189,13.5100
1625047538371000,1,86.66163948,13.5100
1625047540951000,1,11.39809155,13.5100
1625047540951000,1,28.49522888,13.5100
1625047540951000,1,74.08914940,13.5100
1625047815327000,1,99.73000000,13.4800
1625047817357000,1,0.15097319,13.4800
1625047817357000,1,38.39575703,13.4800
1625047817357000,1,15.35326978,13.4800
1625047819360000,1,14.24000000,13.4800
1625047823959000,1,0.00128288,13.4800
1625047827201000,1,30.19415593,13.4700
1625047827201000,1,78.50723645,13.4700
1625047827201000,1,12.06860762,13.4700
1625047839527000,1,56.74845411,13.4700
1625047839527000,1,8.88596064,13.4700
1625047839527000,1,22.20558525,13.4700
1625047842801000,1,7.89000000,13.4700
1625047849298000,1,19.52000000,13.4700
1625047890331000,1,4.34000000,13.4800
1625047893842000,1,14.59974065,13.4800
1625047893842000,1,7.57025935,13.4800
1625047894838000,1,0.00718154,13.4800
1625047902204000,1,4.69000000,13.4700
1625047905060000,1,0.00665828,13.4700
1625047905060000,1,11.73334172,13.4700
1625047909868000,1,4.84723336,13.4800
1625047916154000,1,4.60802289,13.4800
1625047916375000,1,11.65670565,13.4700
1625047921461000,1,4.06724195,13.4700
1625047921461000,1,10.16275805,13.4700
1625047922241000,1,0.00551377,13.4700
1625047922241000,1,25.90864633,13.4700
1625047923612000,1,0.52886041,13.4700
1625047923612000,1,3.88113959,13.4700
1625047930767000,1,3.38000000,13.4700
1625047931172000,1,3.38410604,13.4800
1625047940085000,1,8.72000000,13.4800
1625047962074000,1,3.39301015,13.4800
1625047962074000,1,8.47698985,13.4800
1625047966048000,1,0.00380453,13.4800
1625048155383000,1,1.81265903,13.4900
1625048897152000,1,14.75000000,13.5900
1625048899529000,1,22.12500000,13.5900
1625048900114000,1,62.74000000,13.5900
1625048902773000,1,16.59375000,13.5800
1625048908691000,1,4.14843750,13.5800
1625049398729000,0,11.61000000,13.5700
1625049399748000,0,2.90000000,13.5700
1625049427961000,0,90.89000000,13.5900
1625049427982000,0,0.00452438,13.5900
1625049633187000,1,91.90000000,13.5500
1625049914601000,0,88.59000000,13.5800
1625050034071000,1,84.14795697,13.5300
1625050108431000,0,85.23495609,13.5500
1625050484108000,1,90.73000000,13.5400
1625050549054000,0,76.46000000,13.5700
1625051253345000,1,83.03521996,13.6100
1625051333736000,0,83.55227659,13.6200
1625052285221000,1,7.08000000,13.5800
1625052353399000,1,14.16000000,13.5600
1625052431467000,1,16.17745448,13.5300
1625052437829000,1,16.19000000,13.5200
1625052587282000,1,8.09000000,13.4700
1625052688855000,1,15.58000000,13.4800
1625052725573000,1,15.44000000,13.4700
1625052862971000,0,12.80000000,13.4900
1625052978006000,1,65.21000000,13.5200
1625053203033000,1,15.09000000,13.6300
1625053203133000,1,0.00517068,13.6300
1625053790228000,1,14.88000000,13.7000
1625053790244000,1,0.00377283,13.7000
1625053915636000,0,62.63182509,13.6900
1625054524868000,1,38.34482379,13.6100
1625054524868000,1,15.34063271,13.6100
1625054525310000,1,99.71000000,13.6000
1625054588522000,1,14.28000000,13.6500
1625054595597000,1,79.24000000,13.6400
1625054651465000,1,79.26000000,13.6400
1625054663148000,1,0.00981697,13.6400
1625054663148000,1,79.26018303,13.6400
1625054785629000,0,63.08210424,13.6100
1625054785629000,0,157.63313749,13.6100
1625055065177000,0,5.02878200,13.6800
1625055066797000,0,1.88579400,13.6800
1625056616377000,1,79.95000000,13.5400
1625056616565000,1,0.00502359,13.5400
1625056888753000,0,63.41576741,13.5300
1625056935951000,0,63.31373755,13.5500
1625057039663000,1,79.60000000,13.5900
1625057113693000,1,79.57000000,13.6000
1625057135257000,1,79.57000000,13.5900
1625057200739000,0,63.10903255,13.5900
1625057538227000,0,63.27764572,13.5600
1625057574351000,1,14.57325673,13.5800
1625057574351000,1,36.42831410,13.5800
1625057955281000,1,14.75000000,13.5300
1625058030911000,0,63.29737710,13.5600
1625058040377000,1,15.27000000,13.5600
1625058069578000,1,15.13000000,13.5300
1625058324244000,0,63.61210746,13.4900
1625058375868000,1,11.66000000,13.4900
1625058391619000,1,11.40000000,13.4800
1625058591762000,0,63.78855074,13.4600
1625058695264000,0,63.97000000,13.4200
1625058695293000,0,0.00935193,13.4200
1625058753816000,0,63.94000000,13.4300
1625058784300000,0,0.00598367,13.4300
1625058801045000,1,11.43000000,13.4500
1625058898744000,0,63.95464276,13.4300
1625058921397000,0,63.82876763,13.4500
1625058922373000,0,156.35579717,13.4600
1625058922396000,0,3.19093464,13.4600
1625058922396000,0,63.80504581,13.4600
1625058945295000,1,15.69000000,13.4700
1625059409134000,1,15.52000000,13.4600
1625059586861000,1,15.34000000,13.4700
1625059765566000,0,63.88000000,13.4400
1625059765567000,0,0.00524458,13.4400
1625060276424000,1,15.23125472,13.5000
1625060276424000,1,38.07874528,13.5000
1625060602303000,1,38.33076772,13.5100
1625060602303000,1,15.32923228,13.5100
1625060742293000,0,159.02882752,13.5000
1625061043734000,1,16.54353140,13.5000
1625061216950000,1,40.73356433,13.5400
1625061216950000,1,16.29871690,13.5400
1625061216950000,1,105.96642957,13.5400
1625061246053000,1,14.45732710,13.5500
1625061246053000,1,36.14438418,13.5500
1625061471905000,1,7.09000000,13.6300
1625061471938000,1,6.56055514,13.6300
1625061828177000,1,14.24000000,13.7300
1625061828271000,1,0.00372933,13.7300
1625061842609000,1,14.24372933,13.7200
1625061842609000,1,35.22627067,13.7200
1625061842661000,1,0.00033487,13.7200
1625062017735000,0,62.72726457,13.6800
1625062017735000,0,156.83880654,13.6800
1625062118298000,1,15.86000000,13.7000
1625062522974000,1,15.68000000,13.7100
1625062533439000,1,15.51000000,13.7000
1625062630706000,1,15.32907678,13.7100
1625062630706000,1,38.31092322,13.7100
1625062637393000,1,14.74000000,13.6900
1625062732050000,1,12.69000000,13.7100
1625062862186000,1,11.82000000,13.6400
1625062864914000,1,11.83000000,13.6300
1625062895780000,0,62.91182303,13.6400
1625062918570000,1,11.58180572,13.6200
1625062918570000,1,28.94941466,13.6200
1625063426950000,0,61.60083439,13.6500
1625063471365000,1,13.77000000,13.6300
1625063472613000,1,0.00153752,13.6300
1625063534248000,1,13.38924964,13.6100
1625063699381000,1,13.57000000,13.5600
1625063758909000,1,13.46000000,13.5300
1625063814106000,0,47.32000000,13.5500
1625064026776000,1,48.26000000,13.5100
1625064051234000,1,0.00526506,13.5100
1625065407713000,1,47.03008475,13.4700
1625065407713000,1,18.82147323,13.4700
1625065523315000,1,44.83840154,13.3900
1625065523315000,1,17.93159846,13.3900
1625065538735000,1,17.31974708,13.3600
1625065543341000,0,322.00000000,13.3800
1625065559333000,1,17.06000000,13.4000
1625065617710000,1,16.41082539,13.4000
1625065619494000,1,106.60974233,13.3700
1625065619494000,1,16.43068757,13.3700
1625065619494000,1,41.01359752,13.3700
1625065623455000,1,12.56123608,13.3700
1625065623455000,1,31.39876392,13.3700
1625065666748000,1,12.04000000,13.3900
1625065678781000,1,30.13858215,13.3800
1625065678781000,1,11.91926243,13.3800
1625065878217000,1,12.05000000,13.3600
1625065901988000,1,11.94000000,13.3600
1625066348915000,1,15.07986725,13.3400
1625066348915000,1,37.99013275,13.3400
1625066348971000,1,0.00531645,13.3400
1625066385462000,1,14.60000000,13.3300
1625066401588000,1,94.10000000,13.2900
1625066401853000,1,0.00405913,13.2900
1625066405950000,1,94.51176870,13.2600
1625066405950000,1,36.42823130,13.2600
1625066732410000,1,4.90460054,13.2800
1625066749776000,1,16.33747324,13.2800
1625066749776000,1,51.71118678,13.2800
1625066992461000,1,19.95428366,13.3200
1625067267910000,1,130.79093853,13.3200
1625067267910000,1,50.32179232,13.3200
1625067267910000,1,16.10823871,13.3200
1625067268308000,1,404.00000000,13.3100
1625067268308000,1,50.33311939,13.3100
1625067268308000,1,20.13315646,13.3100
1625067268308000,1,130.86944450,13.3100
1625067289589000,1,15.70000000,13.2700
1625067289680000,1,0.00936460,13.2700
1625067325527000,1,6.87000000,13.2500
1625067325543000,1,8.68663188,13.2500
1625067421445000,1,15.36000000,13.2700
1625067552727000,1,16.67065489,13.2700
1625067552727000,1,1.91934511,13.2700
1625067552762000,1,39.74912947,13.2700
1625067666573000,0,7.52800000,13.2400
1625067691216000,1,16.05205722,13.2400
1625067691216000,1,40.11862967,13.2400
1625067691216000,1,104.28931311,13.2400
1625067847335000,1,43.74000000,13.2400
1625067847430000,1,38.24353139,13.2400
1625067847430000,1,14.96604057,13.2400
1625067869714000,1,81.96000000,13.2400
1625067870226000,1,0.00909380,13.2400
1625067940564000,1,14.81000000,13.2300
1625067940665000,1,0.00677624,13.2300
1625067973288000,0,64.71000000,13.2600
1625067973314000,0,0.00115498,13.2600
1625068051420000,1,16.03788144,13.2900
1625068051420000,1,40.07962677,13.2900
1625068053594000,1,16.04000000,13.2800
1625068151142000,1,15.21000000,13.2800
1625068151157000,1,0.00841115,13.2800
1625068190196000,1,15.08000000,13.2600
1625068750586000,1,16.77000000,13.2100
1625068750597000,1,0.00435094,13.2100
1625068757600000,1,5.50000000,13.1900
1625068809481000,1,41.26528833,13.2100
1625068809481000,1,16.50471167,13.2100
1625068877009000,0,88.12000000,13.2300
1625068918730000,1,15.48115048,13.2600
1625068918730000,1,37.62091151,13.2600
1625068918764000,1,1.08371555,13.2600
1625068928359000,1,14.89519021,13.2300
1625068928359000,1,37.22480979,13.2300
1625068928374000,1,0.00922937,13.2300
1625068945167000,1,35.32175608,13.2500
1625068945167000,1,13.13969326,13.2500
1625068945568000,1,0.98900917,13.2500
1625069116871000,0,5.15100000,13.1900
1625069907146000,1,15.48283311,13.3700
1625069934557000,1,38.27506834,13.3600
1625069934557000,1,15.30493166,13.3600
1625070150781000,1,368.00000000,13.3700
1625070150781000,1,540.00000000,13.3600
1625070283395000,1,82.88899214,13.3900
1625070283400000,1,1.69161208,13.3900
1625070319965000,0,87.45367804,13.4100
1625070319965000,0,13.40000000,13.4100
1625070319965000,0,81.14737247,13.4100
1625070319965000,0,3.49671480,13.4200
1625070615779000,1,87.18000000,13.3900
1625072584202000,1,15.48000000,13.3100
1625072584268000,1,0.00881696,13.3100
1625073846144000,1,330.00000000,13.3900
1625074497078000,1,2.02907900,13.4600
1625074525084000,0,1.73993512,13.4900
1625074525201000,0,0.03550888,13.4900
1625074668102000,1,15.06000000,13.5400
1625074752592000,0,63.12454303,13.6000
1625074782754000,1,38.89740254,13.5800
1625074782754000,1,15.55094766,13.5800
1625074809722000,1,14.95000000,13.5700
1625075236081000,1,15.50275827,13.5700
1625075236081000,1,38.73724173,13.5700
1625075498567000,0,29.31000000,13.5900
1625075625000000,1,18.61000000,13.6300
1625075625037000,1,0.00545127,13.6300
1625075765061000,0,3.64736070,13.6400
1625076053579000,0,424.00000000,13.6700
1625076344523000,1,18.39000000,13.6400
1625076344523000,1,0.00278344,13.6400
1625077547577000,1,16.23000000,13.5600
1625077547623000,1,2.03725833,13.5600
1625077547623000,1,45.70184819,13.5600
1625077547623000,1,118.85620688,13.5600
1625077877077000,1,6.51000000,13.5900
1625077877115000,1,9.67930785,13.5900
1625078121529000,1,6.84501600,13.6100
1625078137776000,0,3.42000000,13.6300
1625078137819000,0,0.00250800,13.6300
1625078245037000,1,15.87000000,13.6500
1625078245085000,1,0.00046390,13.6500
1625078358130000,1,15.65000000,13.6800
1625078358155000,1,0.00726549,13.6800
1625078669674000,1,15.22000000,13.8000
1625078688430000,1,19.60098524,13.8100
1625078688817000,1,4.37000000,13.8100
1625078689450000,1,0.00474476,13.8100
1625078895033000,1,26.03011253,13.7900
1625078895137000,1,10.61031387,13.7900
1625078895687000,1,95.26753275,13.7800
1625078984264000,1,13.20983601,13.7700
1625078984264000,1,33.02016399,13.7700
1625079156921000,0,62.28000000,13.7800
1625079156925000,0,0.00036150,13.7800
1625079552584000,1,76.68376164,13.8800
1625079552763000,1,1.56497473,13.8800
1625079554865000,1,78.24000000,13.8800
1625079558215000,1,0.00873637,13.8800
1625080378493000,1,4.67000000,13.8000
1625080874166000,1,34.71000000,13.8200
1625081193713000,1,61.36000000,13.7900
1625081206703000,1,17.38000000,13.7900
1625081208735000,1,0.00468105,13.7900
1625081208735000,1,78.73531895,13.7900
1625081397830000,0,4.80000000,13.8000
1625081425517000,0,3.60000000,13.8200
1625082602768000,1,16.67488132,13.8600
1625082747801000,1,43.20643158,13.8800
1625082855588000,1,77.93000000,13.9100
1625082906288000,1,76.41041230,13.9000
1625082906321000,1,1.55939617,13.9000
1625082924955000,1,78.04000000,13.8900
1625082927012000,1,0.00901497,13.8900
1625082927012000,1,78.04098503,13.8900
1625082927835000,1,0.00802994,13.8900
1625083192839000,1,13.31126086,13.9200
1625083201562000,0,61.54748874,13.9300
1625083210452000,0,50.00000000,13.9700
1625083210452000,0,61.37000000,13.9700
1625083210463000,0,0.00035972,13.9700
1625083514041000,1,14.21000000,14.0800
1625083619145000,0,40.83000000,14.0900
1625083619153000,0,20.07074265,14.0900
1625083668372000,0,442.00000000,14.1000
1625083668372000,0,152.09977019,14.1000
1625083668372000,0,60.84022981,14.1000
1625083668398000,0,0.00138182,14.1000
1625083721603000,1,108.09953127,14.0800
1625083721603000,1,41.59097924,14.0800
1625083721603000,1,16.63948949,14.0800
1625083721605000,1,0.00351519,14.0800
1625084444515000,1,14.84070683,14.0200
1625084444515000,1,37.09929317,14.0200
1625084941890000,0,35.50177935,14.0500
1625084980821000,1,6.91000000,14.0500
1625085162857000,1,30.65000000,14.0200
1625085256104000,1,14.07000000,14.0400
1625085256105000,1,0.00824407,14.0400
1625085733909000,1,13.89036160,14.0600
1625085908954000,1,13.74000000,14.0500
1625085964985000,1,13.60000000,14.0400
1625086124588000,1,77.28000000,14.0300
1625086342202000,1,8.32000000,13.9400
1625086342257000,1,0.00148200,13.9400
1625086342257000,1,33.83564793,13.9300
1625086342257000,1,13.52282821,13.9300
1625086353913000,1,32.21479896,13.8800
1625086354014000,1,2.52996700,13.9000
1625086355423000,1,12.92000000,13.8700
1625086359038000,1,1.89747500,13.8700
1625086363675000,1,12.21895126,13.8500
1625086363675000,1,14.71104874,13.8500
1625086368858000,1,12.50000000,13.8000
1625086490064000,1,12.14229679,13.8600
1625086515177000,0,2.45535600,13.8900
1625086516914000,0,2.45535600,13.9000
1625086692965000,1,77.72000000,13.9400
1625086705481000,1,0.00877110,13.9400
1625086705481000,1,11.94485484,13.9300
1625086705481000,1,29.86085120,13.9300
1625086826962000,1,11.22974323,13.9500
1625086949606000,1,11.34000000,13.9400
1625087057059000,1,67.29000000,13.9600
1625087084960000,1,77.59000000,13.9600
1625087187423000,1,42.17582464,13.9800
1625087248209000,1,12.89000000,13.9800
1625088179236000,1,13.51446263,14.0000
1625088179236000,1,33.77553737,14.0000
1625089093165000,0,428.00000000,14.0100
1625089193376000,1,15.34000000,14.1000
1625089193378000,1,0.00137805,14.1000
1625089498565000,1,15.24000000,14.0400
1625089879954000,1,37.37648926,13.9900
1625089931090000,1,14.54000000,13.9800
1625089931100000,1,0.00392450,13.9800
1625090027189000,1,14.40000000,13.9500
1625090334732000,1,14.22000000,13.9700
1625090334777000,1,0.00048763,13.9700
1625090515013000,1,14.04000000,13.9900
1625090788776000,1,36.34792163,13.9300
1625090788776000,1,6.34207837,13.9300
1625091058166000,1,14.21273141,13.9000
1625091103570000,1,7.94000000,13.8800
1625091536956000,1,14.07000000,13.8800
1625092000608000,1,14.76000000,13.9500
1625092000742000,1,0.00845318,13.9500
1625092397900000,1,4.53000000,14.0500
1625092397949000,1,9.43732078,14.0500
1625092397949000,1,34.91730811,14.0500
1625092934181000,1,13.15471116,14.0100
1625092934280000,1,0.26846349,14.0100
1625093217699000,1,13.26854290,14.0100
1625093277487000,1,13.15000000,13.9800
1625093277575000,1,0.00100941,13.9800
1625093527336000,1,13.01000000,13.9600
1625093527366000,1,0.00439637,13.9600
1625093734515000,1,12.86000000,13.9600
1625094023072000,0,4.74000000,14.0100
1625094023138000,0,0.00771000,14.0100
1625094260045000,1,428.00000000,13.9800
1625094667347000,1,12.10000000,14.0500
1625094667347000,1,23.40177935,14.0500
1625094925123000,1,12.16000000,14.0700
1625095895179000,1,12.06000000,14.0300
1625095895293000,1,0.00967172,14.0300
1625096335207000,1,11.74000000,14.0700
1625096335292000,1,0.00799484,14.0700
1625096581216000,1,12.26000000,14.1200
1625096581287000,1,0.00290631,14.1200
1625096958547000,1,11.85807705,14.1400
1625097704202000,1,11.44000000,14.0700
1625097908095000,1,11.24000000,13.9900
1625098267387000,1,11.16000000,13.9400
1625098503522000,0,17.00000000,13.9000
1625098518245000,1,17.12000000,13.9000
1625098539528000,1,57.27000000,13.9000
1625098600529000,0,401.94308995,13.8700
1625099149231000,1,85.05577054,13.8400
1625099217021000,1,16.88000000,13.8600
1625099271616000,1,16.69399732,13.8600
1625099956899000,1,16.47000000,13.8900
1625099956899000,1,0.00340634,13.8900
1625099970900000,0,7.29000000,13.9200
1625099970903000,0,0.00909000,13.9200
1625100777783000,1,16.28000000,13.8900
1625100777863000,1,0.00243156,13.8900
1625100916159000,0,64.40000000,13.9000
1625101317910000,0,64.80000000,13.8900
1625101611312000,1,78.10000000,13.8900
1625102375848000,1,14.61000000,13.9400
1625102437491000,1,5.52751100,13.9500
1625102440011000,0,5.52751100,13.9600
1625102674185000,1,12.45000000,13.9800
1625102674469000,1,1.96016290,13.9800
1625102716133000,1,3.48000000,13.9900
1625102716181000,1,10.74888988,13.9900
1625103209108000,1,14.81000000,13.9400
1625103988960000,1,14.63009972,13.9600
1625103988960000,1,6.75990028,13.9600
1625104317980000,1,14.38000000,13.9700
1625104317981000,1,0.00268847,13.9700
1625105093366000,1,14.34000000,13.8900
1625105099470000,1,11.25000000,13.8800
1625105542573000,1,35.28425900,13.8300
1625105542573000,1,14.11574100,13.8300
1625105542686000,1,0.00061417,13.8300
1625105544674000,1,34.35955687,13.8100
1625105544674000,1,13.74044313,13.8100
1625105544781000,1,0.00337962,13.8100
1625105637915000,1,31.86053235,13.7500
1625105637915000,1,12.74946765,13.7500
1625105719116000,1,12.94000000,13.7600
1625105725463000,1,12.80000000,13.7600
1625105728103000,1,32.03032956,13.7400
1625105728103000,1,12.79967044,13.7400
1625105728110000,1,0.00166187,13.7400
1625105729904000,1,6.05000000,13.7300
1625105734678000,1,12.68000000,13.7200
1625105951596000,1,11.86000000,13.7000
1625106239071000,1,11.73000000,13.6700
1625106239102000,1,0.00466645,13.6700
1625106307240000,0,62.66863962,13.6900
1625106605201000,1,36.74259940,13.6700
1625106605201000,1,9.29740060,13.6700
1625106605210000,1,86.31944102,13.6700
1625106605210000,1,14.71358637,13.6700
1625106643966000,1,13.11437349,13.6200
1625106643974000,1,0.00000001,13.6200
1625107274922000,1,16.28000000,13.6100
1625107274990000,1,0.00190726,13.6100
1625107689826000,1,16.12000000,13.5900
1625107718279000,1,15.93000000,13.6000
1625108513756000,0,302.00000000,13.6000
1625108577384000,0,49.00000000,13.6100
1625108636578000,1,23.78000000,13.5800
1625108636583000,1,63.85015699,13.5800
1625109085698000,1,15.75000000,13.6000
1625109085783000,1,0.00564874,13.6000
1625109140116000,1,15.60891923,13.5700
1625109140116000,1,37.93418126,13.5700
1625109140163000,1,1.09271634,13.5700
1625109153706000,1,15.01409756,13.5500
1625109153706000,1,37.51590244,13.5500
1625109153723000,1,0.00550429,13.5500
1625109155231000,1,15.03605577,13.5300
1625109155231000,1,37.59013943,13.5300
1625109155232000,1,0.00000001,13.5300
1625109190229000,1,13.87906287,13.5100
1625109190229000,1,34.69093713,13.5100
1625109204935000,1,31.99209641,13.4900
1625109204935000,1,12.78790359,13.4900
1625109252847000,0,83.84000000,13.5000
1625109332986000,1,12.78000000,13.5600
1625109333063000,1,0.00287679,13.5600
1625109539511000,1,5.54000000,13.5300
1625109690661000,1,12.45000000,13.5300
1625109714583000,1,12.34000000,13.5000
1625109918759000,0,20.32000000,13.5200
1625109918878000,0,392.24228003,13.5200
1625109963263000,1,16.83000000,13.5200
1625110072275000,1,16.68000000,13.4800
1625110072277000,1,0.00169822,13.4800
1625111428096000,1,89.05000000,13.4400
1625111916720000,1,9.78000000,13.4300
1625112037163000,1,15.30000000,13.3700
1625112037179000,1,0.00702231,13.3700
1625112090097000,0,89.58464185,13.4100
1625112338998000,1,15.11000000,13.3900
1625112433772000,1,14.88000000,13.4500
1625112921113000,0,38.40000000,13.4300
1625112921180000,0,25.44905204,13.4300
1625113211310000,1,20.63000000,13.4500
1625113363927000,1,80.56000000,13.4600
1625113397497000,1,0.00894188,13.4600
1625113397497000,1,80.60105812,13.4600
1625114076771000,1,15.38508375,13.4900
1625114449119000,1,15.16657522,13.5300
1625114449119000,1,25.85342478,13.5300
1625114449201000,1,37.91363636,13.5300
1625115622451000,1,14.57000000,13.5600
1625116387106000,1,14.42000000,13.5400
1625116387111000,1,0.00723065,13.5400
1625116516975000,1,14.27000000,13.5300
1625116517049000,1,0.00087672,13.5300
1625116657885000,1,14.15000000,13.5000
1625117577888000,1,3.49000000,13.5000
1625117577921000,1,9.87432471,13.5000
1625118581973000,1,13.22000000,13.5700
1625118642110000,1,13.09000000,13.5500
1625119630662000,1,12.47590964,13.6100
1625120210944000,1,12.16471219,13.5700
1625120435603000,1,10.93000000,13.5400
1625120435824000,1,0.00622511,13.5400
1625120530128000,1,10.83644943,13.5200
1625120603130000,0,40.21000000,13.5200
1625120719086000,1,10.57740249,13.5400
1625120733439000,1,10.06209506,13.5100
1625120744631000,0,63.39125394,13.5200
1625120744631000,0,12.80000000,13.5200
1625120744631000,0,19.72879096,13.5200
1625120951843000,0,90.19000000,13.4800
1625121095822000,1,10.54000000,13.5000
1625121165604000,1,10.43000000,13.5000
1625121380083000,1,10.30252170,13.5200
1625121380083000,1,25.74747830,13.5200
1625121380123000,1,0.00996856,13.5200
1625121380860000,1,9.85000000,13.5100
1625121380908000,1,0.46167028,13.5100
1625121380908000,1,25.77917570,13.5100
1625121712332000,1,9.44241216,13.4300
1625121754568000,1,9.33000000,13.4300
1625121893006000,1,9.23000000,13.4200
1625121944764000,1,9.15430822,13.3900
1625122000470000,1,7.60000000,13.2600
1625122006024000,1,7.72000000,13.2500
1625122006057000,1,0.00399586,13.2500
1625122034170000,1,8.98000000,13.2300
1625122165799000,1,19.12922881,13.1900
1625122165799000,1,7.65077119,13.1900
1625122170251000,1,19.12922881,13.1800
1625122170251000,1,7.65077119,13.1800
1625122170333000,1,0.00637513,13.1800
1625122193858000,1,7.05026490,13.1900
1625122193858000,1,17.61973510,13.1900
1625122193879000,1,0.00592715,13.1900
1625122226760000,1,44.08174431,13.1600
1625122226760000,1,16.95921145,13.1600
1625122226760000,1,6.77904424,13.1600
1625122230761000,0,137.75000000,13.1800
1625122230774000,0,24.84772972,13.1800
1625122230774000,0,65.01237088,13.1800
1625122280515000,1,10.39000000,13.2000
1625122280576000,1,0.00015654,13.2000
1625122445253000,1,9.83000000,13.2300
1625122445451000,1,0.00759571,13.2300
1625122445451000,1,9.63324809,13.2300
1625122565929000,1,21.00000000,13.2000
1625122719075000,1,20.78228521,13.1800
1625122719075000,1,51.95126393,13.1800
1625122719075000,1,73.61769498,13.1700
1625122799478000,1,19.59000000,13.1400
1625122826866000,1,14.90000000,13.1500
1625123221852000,1,22.06499399,13.2200
1625123379186000,1,21.84000000,13.2000
1625123476226000,1,21.63000000,13.1700
1625123476229000,1,0.00718365,13.1700
1625123498781000,1,21.21000000,13.1400
1625123498915000,1,0.00585729,13.1400
1625123548552000,1,52.54809345,13.1100
1625123548552000,1,21.01190655,13.1100
1625123864339000,1,20.16672252,13.1300
1625123895437000,1,19.95105213,13.1200
1625123895437000,1,49.86894787,13.1200
1625123962771000,1,19.09000000,13.1700
1625123962909000,1,0.00491061,13.1700
1625123974713000,1,18.90879334,13.1500
1625123974713000,1,47.26120666,13.1500
1625124111526000,0,82.18000000,13.2000
1625124111664000,0,0.00738776,13.2000
1625124403356000,1,13.47000000,13.2000
1625124403531000,1,26.09716394,13.2000
1625124403531000,1,15.82542803,13.2000
1625124466060000,1,33.55059919,13.1800
1625124466060000,1,13.42553052,13.1800
1625124538198000,1,31.84191168,13.2000
1625124538198000,1,12.73676467,13.2000
1625124545839000,1,12.75124178,13.1900
1625124583685000,1,12.11124177,13.1900
1625124583685000,1,30.27351448,13.1900
1625124608181000,1,12.11344569,13.1800
1625124628876000,1,11.51825990,13.1500
1625124628876000,1,28.79564975,13.1500
1625124633397000,1,11.07922951,13.1500
1625125582170000,0,12.00000000,13.1200
1625125615031000,1,11.77106575,13.0700
1625125615032000,1,0.00000001,13.0700
1625125615038000,1,12.24222707,13.0600
1625125672302000,1,11.49890051,13.0700
1625125672302000,1,28.74109949,13.0700
1625125672303000,1,0.00615178,13.0700
1625125672303000,1,40.23384822,13.0700
1625125672315000,1,34.49685836,13.0700
1625125722009000,0,8.00000000,13.0700
1625125796618000,1,22.02625930,13.0400
1625125797223000,1,3.52361365,13.0400
1625125797223000,1,9.95091154,13.0400
1625125905375000,1,8.69424672,13.0200
1625125905375000,1,21.72575328,13.0200
1625125905406000,1,0.00986351,13.0200
1625125978369000,1,8.26000000,13.0200
1625126160236000,1,8.78000000,13.0600
1625126160236000,1,0.00337359,13.0600
1625126189211000,1,8.69000000,13.0300
1625126189324000,1,0.00813874,13.0300
1625126216426000,1,8.61912117,13.0100
1625126216426000,1,21.54548493,13.0100
1625126216426000,1,12.66539390,13.0100
1625126216580000,1,43.34151038,13.0100
1625126232103000,1,40.66145767,12.9800
1625126232103000,1,7.22748141,12.9800
1625126232103000,1,18.06106092,12.9800
1625126489345000,1,6.39000000,13.0200
1625126518596000,1,6.40780078,13.0200
1625126518596000,1,16.01950195,13.0200
1625126518596000,1,41.60269727,13.0200
1625126632818000,1,10.72000000,13.0200
1625126632871000,1,0.00905693,13.0200
1625126686110000,1,15.20000000,13.0600
1625126742671000,1,15.02000000,13.0600
1625126958808000,1,14.80000000,13.1100
1625126958945000,1,0.00174333,13.1100
1625127037435000,1,14.66000000,13.0900
1625127235412000,0,65.64000000,13.0700
1625127710568000,1,16.61000000,13.0600
1625127710583000,1,0.00697216,13.0600
1625128017302000,1,16.38000000,13.0900
1625128017318000,1,0.00259241,13.0900
1625128102584000,1,15.28000000,13.0800
1625128382865000,1,15.79951117,13.0200
1625128406367000,1,15.94492189,13.0100
1625128412970000,1,15.97461220,12.9900
1625128412970000,1,103.76288547,12.9900
1625128412970000,1,39.93250233,12.9900
1625128453161000,1,14.02427504,12.9600
1625128453161000,1,35.05572496,12.9600
1625128453235000,1,0.00496265,12.9600
1625128881484000,0,61.16000000,13.0300
1625129027817000,0,86.39000000,13.0500
1625129036317000,0,65.69254278,13.0700
1625129036317000,0,164.21745722,13.0700
1625129147705000,1,54.67000000,13.0400
1625129168574000,1,36.16000000,13.0200
1625129192490000,0,66.05000000,12.9900
1625129319583000,1,16.16000000,12.9500
1625129319603000,1,0.00697584,12.9500
1625129331391000,1,16.00000000,12.9200
1625129371144000,0,9.18000000,12.9300
1625129371203000,0,57.19892437,12.9300
1625129428526000,1,15.89701389,12.9300
1625129428544000,1,0.32442885,12.9300
1625129453408000,1,40.15194959,12.9000
1625129453408000,1,16.06725003,12.9000
1625129522719000,0,66.63000000,12.8800
1625129522733000,0,0.00903351,12.8800
1625129526284000,0,166.49000000,12.8900
1625129537773000,0,0.00461628,12.8900
1625129577732000,1,26.49000000,12.9600
1625129598700000,1,91.64000000,12.9400
1625129616182000,1,26.25000000,12.9300
1625129625213000,1,25.98000000,12.9100
1625129625308000,1,0.00499411,12.9100
1625129759444000,0,16.56165687,12.9700
1625129759662000,0,69.43000000,12.9700
1625130518325000,1,62.30290072,13.0500
1625130518325000,1,162.00550348,13.0500
1625130518325000,1,24.92159580,13.0500
1625130745667000,1,80.91000000,13.0400
1625130822724000,1,21.71761139,13.0300
1625130822740000,1,0.44321656,13.0300
1625131355933000,1,19.40990938,12.9200
1625131355933000,1,48.54009062,12.9200
1625131461918000,1,18.68000000,12.8900
1625131496956000,1,18.24758956,12.9100
1625131496956000,1,45.60241044,12.9100
1625131586596000,1,16.98000000,12.9800
1625131586674000,1,0.44886348,12.9800
1625131630832000,1,17.25000000,12.9600
1625131802411000,1,16.90726882,12.9300
1625131811402000,1,16.74457738,12.9100
1625131814906000,1,16.75000000,12.9000
1625131815025000,1,0.00599313,12.9000
1625131842874000,1,16.34416601,12.9300
1625131842874000,1,40.85283530,12.9300
1625131849595000,1,16.34416601,12.9200
1625131869803000,0,25.28605110,12.9200
1625131869803000,0,47.77394890,12.9200
1625131869983000,0,18.76212966,12.9200
1625132447013000,1,14.01000000,12.8800
1625132447052000,1,0.00058188,12.8800
1625132536269000,0,30.77000000,12.8700
1625132536279000,0,36.04860730,12.8700
1625132709366000,1,14.49000000,12.8200
1625132817584000,0,67.06000000,12.8200
1625133075029000,1,14.07000000,12.8900
1625133095059000,1,34.76557533,12.8900
1625133095059000,1,90.40619457,12.8900
1625133095059000,1,13.90450536,12.8900
1625133197711000,1,12.27000000,12.9600
1625133197798000,1,0.00516636,12.9600
1625133205806000,1,12.29089816,12.9400
1625133205806000,1,30.38910184,12.9400
1625133205843000,1,0.00624440,12.9400
1625133576427000,1,13.20000000,12.9100
1625133630304000,1,20.56253001,12.9100
1625133681768000,1,20.22155782,12.9800
1625134018072000,1,19.91000000,13.0200
1625134389027000,1,16.73169910,12.9200
1625134389105000,1,112.31982271,12.9200
1625134666605000,1,44.19000000,12.9200
1625134666925000,1,0.00374785,12.9200
1625134996455000,1,20.57000000,12.8600
1625134996596000,1,27.43000000,12.8600
1625135193440000,0,66.94000000,12.8500
1625135195868000,0,0.00802466,12.8500
1625135197810000,0,435.01938947,12.8600
1625135250716000,1,36.84000000,12.8600
1625135250811000,1,18.75756690,12.8600
1625135440667000,1,2.10000000,12.8900
1625137762746000,0,440.00000000,13.0500
1625138020109000,0,46.51000000,13.1400
1625138020473000,0,289.49000000,13.1400
1625138020473000,0,85.22000000,13.1400
1625138020555000,0,0.00996380,13.1400
1625138187243000,1,84.79361419,13.1400
1625138243132000,1,19.72772372,13.1600
1625138473131000,1,19.60000000,13.1000
1625138843161000,0,405.72000000,13.0900
