timestamp ms,type,amount,price
1622592058594000,1,34.34354137,30.7800
1622592058594000,1,13.73645863,30.7800
1622592101618000,1,13.34126683,30.8400
1622592101618000,1,33.35359953,30.8400
1622592101647000,1,0.00000001,30.8400
1622592106160000,1,13.10000000,30.8500
1622592149155000,1,3.04764000,30.7300
1622592149916000,1,52.73596718,30.7400
1622592151249000,0,80.00000000,30.7500
1622592151614000,0,78.00000000,30.7500
1622592151814000,0,61.60450000,30.7500
1622592152314000,0,16.00000000,30.7600
1622592152314000,0,161.81740000,30.7600
1622592155098000,1,77.00000000,30.7100
1622592158515000,1,77.00000000,30.6900
1622592171643000,1,77.00000000,30.6500
1622592179294000,1,77.00000000,30.6300
1622592185782000,1,77.00000000,30.6200
1622592193659000,1,75.46000000,30.6400
1622592202224000,1,40.29000000,30.6600
1622592204040000,1,3.13626994,30.6600
1622592204182000,1,14.22435703,30.6600
1622592204526000,1,15.40113293,30.6600
1622592204532000,1,3.94824010,30.6600
1622592218726000,1,77.00000000,30.6600
1622592225268000,1,77.00000000,30.6200
1622592227386000,1,77.00000000,30.6000
1622592252140000,1,30.18276463,30.5300
1622592252140000,1,12.06718689,30.5300
1622592252140000,1,30.17585736,30.5300
1622592252861000,1,319.00000000,30.5200
1622592263351000,1,81.60000000,30.4800
1622592264124000,1,169.38858038,30.4600
1622592264124000,1,79.99991962,30.4600
1622592264627000,1,1.80008038,30.4600
1622592264627000,1,71.82032220,30.4500
1622592264627000,1,27.62223971,30.4500
1622592264627000,1,9.25155771,30.4500
1622592264993000,1,7.97720000,30.4600
1622592287299000,1,81.60000000,30.4800
1622592291896000,0,58.10000000,30.4800
1622592291954000,0,0.00740444,30.4800
1622592292922000,0,77.00000000,30.5000
1622592307631000,0,77.00000000,30.5600
1622592308692000,0,77.00000000,30.5800
1622592314624000,0,77.00000000,30.5800
1622592331610000,0,77.00000000,30.5600
1622592337245000,0,77.00000000,30.5800
1622592347857000,0,77.00000000,30.5900
1622592378769000,1,36.64010030,30.5100
1622592387741000,1,9.98946516,30.4700
1622592388083000,1,4.10000000,30.4600
1622592388097000,1,21.84961163,30.4600
1622592389864000,1,65.98318207,30.4300
1622592400591000,0,40.16441862,30.4400
1622592400591000,0,100.40735493,30.4400
1622592400700000,0,74.50860000,30.4500
1622592401062000,0,186.49770000,30.4500
1622592401327000,0,0.00008754,30.4500
1622592401327000,0,40.16441246,30.4500
1622592401508000,0,0.00016018,30.4500
1622592401508000,0,40.14633982,30.4500
1622592401821000,0,0.00013070,30.4500
1622592401821000,0,31.16116930,30.4500
1622592414311000,0,250.00000000,30.4500
1622592442142000,1,25.22600137,30.5000
1622592466315000,1,124.28000000,30.5100
1622592467539000,1,0.00700000,30.5100
1622592575697000,1,39.78000000,30.4800
1622592577648000,1,313.96100000,30.4800
1622592577703000,1,4.46186000,30.4700
1622592603096000,0,77.00000000,30.4900
1622592663165000,1,12.48283999,30.6200
1622592673703000,0,77.00000000,30.6100
1622592688475000,0,77.00000000,30.6100
1622592701046000,0,77.00000000,30.6400
1622592703105000,0,77.00000000,30.6500
1622592734801000,0,32.27000000,30.6600
1622592744505000,0,32.19170000,30.6600
1622592744511000,0,0.00008082,30.6600
1622592765911000,0,21.67000000,30.7400
1622592775416000,0,4.16000000,30.7600
1622592775437000,0,34.49671928,30.7600
1622592783507000,0,32.07000000,30.7600
1622592793648000,1,10.30820853,30.7300
1622592793693000,1,59.13479147,30.7300
1622592794188000,1,17.77000000,30.7100
1622592803278000,1,29.30000064,30.6700
1622592814729000,1,8.99817138,30.6500
1622592817123000,0,39.84399752,30.6800
1622592817123000,0,99.60620248,30.6800
1622592817301000,0,0.00017340,30.6800
1622592817301000,0,204.36002660,30.6900
1622592851567000,1,2.31242000,30.6400
1622592851567000,1,39.95758000,30.6400
1622592853799000,1,166.11000000,30.6400
1622592871566000,1,13.65000000,30.6600
1622592873700000,1,55.10000000,30.6400
1622592875728000,1,0.07142000,30.6400
1622592915949000,0,77.00000000,30.5400
1622592937954000,1,33.22242298,30.4900
1622592938824000,1,77.00000000,30.4800
1622592948798000,1,77.00000000,30.4900
1622592977656000,1,77.00000000,30.5400
1622593037207000,1,16.00000000,30.5200
1622593061547000,1,3.64231000,30.5400
1622593062264000,1,41.63330667,30.5200
1622593062447000,1,126.02760000,30.5200
1622593062886000,1,0.00009333,30.5200
1622593062886000,1,31.88193098,30.5100
1622593062886000,1,5.21297569,30.5100
1622593063029000,1,7.53411893,30.5100
1622593079164000,1,27.97220000,30.5000
1622593084070000,1,79.22080000,30.5000
1622593088250000,1,30.60362827,30.4800
1622593088250000,1,12.24145131,30.4800
1622593105265000,1,3.80900099,30.4500
1622593207404000,0,6.16419874,30.3900
1622593239385000,1,2.99000000,30.3500
1622593246326000,1,23.72417442,30.3500
1622593248019000,1,69.43000000,30.3400
1622593249806000,1,0.00686613,30.3400
1622593380208000,1,103.03435000,30.4100
1622593380322000,1,1.52964999,30.4100
1622593380411000,1,0.00000001,30.4100
1622593387094000,1,212.29800000,30.3700
1622593387094000,1,5.17512000,30.3700
1622593429443000,1,1.65238251,30.2200
1622593429457000,1,0.00000001,30.2200
1622593430682000,0,6.16410000,30.2400
1622593434478000,1,57.21000000,30.2200
1622593434480000,1,19.79000000,30.2200
1622593438446000,1,1.65347682,30.2000
1622593445274000,0,40.46560690,30.2200
1622593454572000,0,262.78477161,30.2500
1622593455071000,0,40.41690699,30.2600
1622593455071000,0,101.03914408,30.2600
1622593455175000,1,6.16419874,30.2500
1622593463539000,1,11.70210000,30.2800
1622593466735000,1,77.00000000,30.3000
1622593492219000,1,148.46200000,30.2700
1622593595721000,1,77.00000000,30.1500
1622593647465000,1,227.31000000,30.1900
1622593647706000,1,0.00300000,30.1900
1622593648135000,1,16.30000000,30.1700
1622593648135000,1,33.90766629,30.1700
1622593648178000,1,4.75000000,30.1700
1622593652548000,0,4.63713000,30.1800
1622593676824000,1,13.20000000,30.1800
1622593737197000,1,16.10000000,30.2200
1622593737197000,1,72.65479546,30.2100
1622593737197000,1,11.17481726,30.2100
1622593737197000,1,12.82798728,30.2100
1622593737692000,1,16.10000000,30.2100
1622593737762000,1,0.30000000,30.2100
1622593737784000,1,271.70122970,30.2000
1622593737919000,1,11.17481726,30.2000
1622593737919000,1,72.65479546,30.2000
1622593737919000,1,27.94332775,30.2000
1622593738173000,1,10.70294865,30.1900
1622593738313000,1,26.75737000,30.1800
1622593744072000,0,10.70270000,30.2100
1622593759870000,0,16.19999999,30.2000
1622593759873000,0,0.00000001,30.2000
1622593796079000,0,40.40573434,30.2600
1622593796079000,0,100.99872854,30.2600
1622593796174000,0,0.00000001,30.2600
1622593796267000,0,77.00000000,30.2600
1622593826384000,0,2.90000000,30.1800
1622593834072000,1,133.76000000,30.1600
1622593835383000,1,11.57100000,30.1600
1622593852853000,0,40.49583133,30.1900
1622593852853000,0,39.40416867,30.1900
1622593959276000,1,30.71000000,30.1700
1622593962424000,1,7.68000000,30.1700
1622594061484000,0,77.00000000,30.2400
1622594071722000,0,23.89000000,30.2600
1622594074742000,0,53.11000000,30.2600
1622594076887000,0,77.00000000,30.2600
1622594095291000,0,77.00000000,30.2700
1622594098093000,0,33.15000000,30.2700
1622594100189000,0,77.00000000,30.2700
1622594109102000,0,77.00000000,30.2900
1622594113506000,0,77.00000000,30.3100
1622594114688000,0,75.46000000,30.3100
1622594115915000,0,1.50920000,30.3100
1622594119101000,0,77.00000000,30.3300
1622594136087000,0,144.79000000,30.3600
1622594141810000,0,8.32956951,30.3600
1622594143150000,0,75.46000000,30.3600
1622594172397000,1,9.20964477,30.3200
1622594172397000,1,23.02035523,30.3200
1622594212747000,0,16.10000000,30.3400
1622594227242000,0,793.80880000,30.3600
1622594252076000,1,401.32400000,30.3000
1622594266171000,1,7.56281000,30.2800
1622594285480000,1,141.00500000,30.2800
1622594285993000,1,24.12497397,30.2600
1622594286095000,1,49.91570526,30.2600
1622594412063000,0,16.40000000,30.2800
1622594433729000,1,21.78320244,30.3100
1622594433729000,1,8.71328097,30.3100
1622594440301000,1,8.40788534,30.3100
1622594440301000,1,21.02026799,30.3100
1622594440301000,1,14.11604667,30.3100
1622594486330000,1,77.00000000,30.3700
1622594490523000,1,16.30000000,30.3400
1622594490523000,1,7.87492009,30.3400
1622594491019000,1,7.87492009,30.3300
1622594491019000,1,7.86874885,30.3300
1622594491019000,1,16.10000000,30.3300
1622594494981000,1,7.75790000,30.3300
1622594506529000,1,7.72026715,30.3200
1622594506529000,1,5.50353285,30.3200
1622594662181000,1,7.29534883,30.3500
1622594773045000,1,1.00000000,30.3900
1622594789399000,0,1.65000000,30.4300
1622594797458000,0,0.00347682,30.4300
1622594826937000,0,1.61933486,30.4600
1622594849991000,0,0.03304765,30.4600
1622594863602000,1,253.91000000,30.4500
1622594863614000,1,25.24000000,30.4500
1622594863718000,1,88.83100000,30.4500
1622594950428000,1,7.68763248,30.4700
1622594950428000,1,3.20236752,30.4700
1622594967539000,1,6.19000000,30.4300
1622595013481000,1,0.00181000,30.4300
1622595013481000,1,7.78819000,30.4200
1622595014923000,1,173.45581000,30.4200
1622595023779000,1,12.01384855,30.3700
1622595064886000,0,77.00000000,30.4000
1622595147238000,0,13.71510387,30.4200
1622595147238000,0,77.00000000,30.4200
1622595147238000,0,190.61589613,30.4200
1622595198543000,1,3.07615000,30.3700
1622595198543000,1,74.78400000,30.3700
1622595208189000,0,153.99990000,30.3900
1622595367347000,1,17.05000000,30.4300
1622595367381000,1,0.00271416,30.4300
1622595369985000,1,9.88765400,30.4200
1622595370085000,1,34.45388000,30.4200
1622595370408000,1,0.00000734,30.4200
1622595372906000,1,40.49782694,30.3900
1622595376434000,1,6.28321672,30.3900
1622595376434000,1,15.70855857,30.3900
1622595378500000,1,61.25176980,30.3600
1622595378548000,1,15.74823020,30.3600
1622595389540000,0,39.60230510,30.2600
1622595393039000,1,75.46000000,30.2300
1622595393128000,1,1.54000000,30.2300
1622595395944000,1,6.55742462,30.1900
1622595395944000,1,19.60000000,30.1700
1622595395944000,1,6.36231106,30.1600
1622595395944000,1,19.80000000,30.1600
1622595395944000,1,3.58396432,30.1500
1622595396791000,1,6.55742462,30.1600
1622595396791000,1,2.77674433,30.1500
1622595396791000,1,19.60000000,30.1500
1622595396791000,1,16.50000000,30.1400
1622595396791000,1,2.63183105,30.1300
1622595397329000,1,6.55742462,30.1400
1622595397329000,1,6.36070865,30.1400
1622595397918000,1,16.01610000,30.1500
1622595404924000,1,77.00000000,30.1300
1622595408919000,0,77.00000000,30.1200
1622595408987000,1,38.55164100,30.1000
1622595416432000,1,5.25219513,30.0700
1622595416432000,1,80.00000000,30.0600
1622595416973000,1,85.00000000,30.0700
1622595419379000,0,77.00000000,30.1000
1622595419379000,0,166.21000000,30.1000
1622595420315000,1,77.00000000,30.0900
1622595420894000,0,0.00852202,30.1000
1622595429851000,0,31.80000000,30.1700
1622595430323000,0,6.74310000,30.1800
1622595462575000,0,77.00000000,30.1300
1622595468378000,0,75.46000000,30.1300
1622595468396000,0,1.54000000,30.1300
1622595477458000,0,17.60000000,30.1500
1622595479399000,1,6.38982268,30.1200
1622595479399000,1,15.97169466,30.1200
1622595521071000,1,119.45600000,30.1100
1622595525885000,1,157.32000000,30.1000
1622595525891000,1,81.85566000,30.1000
1622595525899000,1,100.81434000,30.1000
1622595525899000,1,5.64577000,30.1000
1622595530547000,0,16.50000000,30.1100
1622595530547000,0,119.90000000,30.1100
1622595619707000,0,77.00000000,30.1900
1622595630784000,0,48.25000000,30.1900
1622595631538000,0,28.75000000,30.1900
1622595646293000,0,75.46000000,30.2000
1622595649309000,0,77.00000000,30.2100
1622595656546000,0,77.00000000,30.2500
1622595663072000,1,41.37000000,30.2000
1622595669844000,0,77.00000000,30.2100
1622595686839000,0,77.00000000,30.2200
1622595689464000,0,77.00000000,30.2200
1622595692732000,0,77.00000000,30.2200
1622595694881000,0,77.00000000,30.2200
1622595701715000,0,77.00000000,30.2300
1622595778485000,0,40.42000000,30.2600
1622595784845000,0,0.00311549,30.2600
1622595784845000,0,29.44688451,30.2700
1622595784851000,0,44.63659595,30.2700
1622595784896000,0,26.90465714,30.2700
1622595797748000,0,40.31000000,30.3300
1622595797831000,0,0.00273247,30.3300
1622595799883000,0,134.89000000,30.3400
1622595802591000,0,127.12000000,30.3400
1622595807271000,1,20.56034172,30.3100
1622595807271000,1,7.54965828,30.3100
1622595807332000,1,2.03241219,30.3100
1622595822164000,1,21.75705396,30.2500
1622595822164000,1,8.70282158,30.2500
1622595825542000,0,165.27820000,30.2700
1622595825755000,0,0.00007800,30.2700
1622595825755000,0,165.27812200,30.2800
1622595853670000,0,0.00015600,30.2800
1622595867053000,1,8.73288545,30.3200
1622595867053000,1,21.82933453,30.3200
1622595867053000,1,3.74778002,30.3200
1622595903912000,1,2.32000000,30.2300
1622595904035000,1,0.00702000,30.2300
1622595904821000,1,19.20000000,30.2200
1622595904873000,1,10.00235131,30.2200
1622595905336000,1,4.36000000,30.2200
1622595905375000,1,49.65078945,30.2200
1622595905399000,1,30.96885924,30.2200
1622595905966000,1,16.96653501,30.2100
1622595907552000,1,308.01246499,30.2100
1622595925755000,0,40.48902198,30.2000
1622595925755000,0,101.20937682,30.2000
1622595933070000,0,165.73180000,30.2000
1622596005071000,0,16.50000000,30.0500
1622596005071000,0,166.52060000,30.0500
1622596005074000,0,0.00006307,30.0500
1622596005074000,0,24.45023693,30.0600
1622596035971000,1,34.16433973,30.0900
1622596036022000,1,42.83566027,30.0900
1622596037223000,1,43.18000000,30.0700
1622596051887000,1,77.00000000,30.0700
1622596054063000,1,402.91500000,30.0500
1622596054063000,1,77.00000000,30.0500
1622596074091000,1,107.10000000,30.0200
1622596074434000,1,0.00300000,30.0200
1622596074585000,1,77.00000000,30.0200
1622596080086000,1,24.16308000,29.9900
1622596080112000,1,0.54345415,29.9900
1622596080361000,0,19.45654585,29.9900
1622596080466000,1,57.54345415,29.9900
1622596080498000,1,10.03000000,29.9700
1622596081690000,1,8.85518101,29.9600
1622596081732000,1,19.30250000,29.9600
1622596081819000,1,13.82203233,29.9600
1622596082548000,1,21.89154738,29.9500
1622596082548000,1,35.02028666,29.9500
1622596093080000,1,9.26000000,29.9500
1622596095755000,1,67.23000000,29.9400
1622596096144000,1,9.77000000,29.9400
1622596096627000,1,21.10526667,29.9400
1622596096889000,1,55.89473333,29.9400
1622596100273000,1,77.00000000,29.9200
1622596125238000,1,9.56190902,29.8800
1622596125315000,1,23.90541225,29.8700
1622596125348000,0,9.56190902,29.8800
1622596125392000,1,67.43809098,29.8800
1622596125414000,1,46.73000000,29.8700
1622596125433000,1,15.45357306,29.8700
1622596125772000,1,14.47846649,29.8500
1622596126180000,1,9.58128174,29.8100
1622596126180000,1,9.56645292,29.8100
1622596126180000,1,2.05226534,29.8100
1622596127774000,1,9.42202422,29.8000
1622596127774000,1,7.07797578,29.7900
1622596128279000,1,40.59209538,29.7900
1622596128724000,1,2.57983950,29.7800
1622596129067000,1,13.74382982,29.7800
1622596129072000,1,12.89978690,29.7800
1622596129134000,1,30.92359330,29.7800
1622596129139000,1,21.49736145,29.7800
1622596133429000,1,2.35352001,29.7200
1622596133429000,1,38.00000000,29.7200
1622596133429000,1,20.40000000,29.7100
1622596133429000,1,16.30000000,29.7100
1622596133429000,1,13.17846121,29.7000
1622596133697000,1,20.00000000,29.7300
1622596134813000,1,20.40000000,29.7200
1622596134813000,1,33.47577388,29.7200
1622596134813000,1,33.22892612,29.7200
1622596135552000,1,16.60000000,29.7400
1622596137990000,1,16.70000000,29.7400
1622596138366000,1,16.50000000,29.7400
1622596138366000,1,164.24840000,29.7300
1622596138537000,0,41.03000000,29.7800
1622596140225000,0,34.77541720,29.8100
1622596140227000,0,42.22458280,29.8100
1622596155809000,1,8.62000000,29.7600
1622596155885000,1,0.00502352,29.7600
1622596155972000,1,21.56444240,29.7500
1622596200464000,1,8.16000000,29.8100
1622596200609000,1,0.00402490,29.8100
1622596200609000,1,8.15597510,29.8100
1622596200650000,1,68.84402490,29.8100
1622596202030000,1,53.06732389,29.7800
1622596202030000,1,8.17010570,29.7800
1622596202030000,1,20.41006226,29.7800
1622596203119000,1,331.00000000,29.7600
1622596203943000,1,7.83563392,29.7500
1622596208045000,1,31.27840000,29.7400
1622596219087000,1,7.49000000,29.7500
1622596219157000,1,0.00618916,29.7500
1622596232754000,0,2.85000000,29.7400
1622596255430000,1,7.40255205,29.7400
1622596255644000,1,0.00000001,29.7400
1622596260085000,1,7.36000000,29.7300
1622596263853000,0,41.10756096,29.7400
1622596274097000,0,41.02000000,29.8000
1622596274146000,0,0.00284407,29.8000
1622596274514000,0,35.98000000,29.8000
1622596286700000,1,37.50000000,29.7500
1622596286700000,1,7.72138712,29.7500
1622596286787000,1,0.00000001,29.7500
1622596315531000,0,41.11000000,29.7100
1622596315588000,0,0.00994404,29.7100
1622596329695000,0,16.50000000,29.7300
1622596396303000,0,77.00000000,29.8100
1622596401291000,0,77.00000000,29.8100
1622596407106000,0,77.00000000,29.8100
1622596417472000,0,77.00000000,29.8300
1622596418014000,0,19.41054586,29.8300
1622596419479000,0,57.58000000,29.8300
1622596433638000,0,56.57000000,29.8400
1622596433853000,0,20.43000000,29.8400
1622596438456000,0,77.00000000,29.8500
1622596443889000,0,77.00000000,29.8600
1622596451979000,1,8.14648138,29.8100
1622596452026000,1,0.00000001,29.8100
1622596463378000,0,59.40000000,29.8000
1622596492683000,0,40.97050000,29.8500
1622596492747000,0,0.00003497,29.8500
1622596496966000,1,16.20000000,29.8400
1622596549732000,0,167.11000000,29.9300
1622596554208000,0,75.46000000,29.9200
1622596563834000,0,0.00089142,29.9300
1622596563834000,0,75.45998217,29.9400
1622596584741000,1,5.09765546,29.9400
1622596584816000,1,2.96401742,29.9400
1622596584816000,1,5.09765545,29.9400
1622596584856000,1,15.06231496,29.9400
1622596602109000,1,7.83997141,29.9400
1622596602210000,1,0.00000001,29.9400
1622596607589000,1,7.80000000,29.9300
1622596611677000,1,7.80000000,29.9100
1622596611677000,1,0.00552377,29.9100
1622596615796000,1,7.77291000,29.8700
1622596615871000,1,0.00000049,29.8700
1622596619363000,1,7.57000000,29.8200
1622596619416000,1,0.00819930,29.8200
1622596637414000,1,7.36000000,29.7700
1622596641298000,1,1.34656000,29.7600
1622596641298000,1,6.51791379,29.7600
1622596641306000,1,11.03831489,29.7600
1622596641306000,1,7.02305759,29.7600
1622596643435000,0,41.09600000,29.7500
1622596644452000,0,41.07420000,29.7700
1622596644755000,0,0.00004258,29.7700
1622596644755000,0,16.40000000,29.7800
1622596644755000,0,102.68235553,29.7800
1622596644755000,0,80.00000000,29.7800
1622596644755000,0,88.13560189,29.7900
1622596648980000,0,41.05600000,29.7800
1622596650345000,0,41.04880000,29.7900
1622596650454000,0,168.03122470,29.8000
1622596650454000,0,16.50000000,29.8000
1622596650642000,0,41.03150000,29.8000
1622596652296000,0,16.50000000,29.7700
1622596657174000,0,16.50000000,29.7800
1622596657174000,0,41.06650000,29.7800
1622596657379000,0,41.04095302,29.7900
1622596661095000,0,12.65690000,29.8000
1622596663278000,1,8.66000000,29.7900
1622596663283000,1,0.00962802,29.7900
1622596703161000,1,8.79464559,29.9100
1622596714636000,0,77.00000000,29.9300
1622596714636000,0,38.31000000,29.9300
1622596729227000,1,8.98509591,29.8800
1622596752028000,0,77.00000000,29.9000
1622596755785000,1,8.71011000,29.9100
1622596759081000,0,77.00000000,29.9100
1622596766600000,1,8.66733000,29.9200
1622596766972000,1,0.00000835,29.9200
1622596766972000,1,21.65999165,29.9200
1622596773911000,0,9.92000000,29.9400
1622596774891000,0,67.08000000,29.9400
1622596775352000,0,77.00000000,29.9500
1622596778983000,1,7.86908909,29.9200
1622596779145000,1,0.64087770,29.9200
1622596791040000,0,77.00000000,29.9200
1622596827729000,0,166.90000000,29.9700
1622596832292000,0,0.00827346,29.9700
1622596832292000,0,166.90172654,29.9800
1622596833199000,1,8.03210469,29.9700
1622596833361000,0,0.00654692,29.9800
1622596833361000,0,166.90827346,29.9800
1622596833361000,0,18.29987962,29.9800
1622596837573000,0,166.90000000,29.9800
1622596839584000,0,0.00827346,29.9800
1622596839584000,0,76.99172654,29.9800
1622596846830000,0,166.84617129,29.9900
1622596846830000,0,72.12307657,29.9900
1622596858638000,1,7.98806182,29.9300
1622596898408000,1,7.69000000,29.9200
1622596898502000,1,7.69000000,29.9200
1622596927967000,0,40.83888664,29.9400
1622596929669000,0,167.10540000,29.9700
1622596936240000,1,7.64000000,29.9300
1622596956026000,1,7.62048999,29.8800
1622596957676000,1,7.62048999,29.8700
1622596957872000,1,16.30000000,29.8600
1622596969872000,0,40.91160000,29.8900
1622596989086000,0,40.87308075,29.9100
1622597000690000,0,0.00001333,29.9700
1622597003334000,1,7.79754286,29.9600
1622597013538000,1,7.54353367,29.9600
1622597014199000,1,18.86449870,29.9400
1622597014199000,1,7.54983095,29.9400
1622597023600000,1,18.02858231,29.9300
1622597023600000,1,5.13406211,29.9300
1622597023663000,1,2.07857523,29.9300
1622597024351000,1,40.00000000,29.9200
1622597024536000,1,39.30000000,29.9200
1622597024793000,1,359.49200000,29.9200
1622597044837000,1,7.05364095,29.9400
1622597054348000,1,7.33142477,29.9600
1622597062358000,1,6.88774629,29.9800
1622597067686000,1,6.82086887,29.9600
1622597067686000,1,17.05797645,29.9600
1622597070800000,1,6.70791604,29.9300
1622597070800000,1,16.77718494,29.9300
1622597070800000,1,26.61489901,29.9300
1622597093444000,1,16.30000000,29.9000
1622597107303000,1,6.38446484,29.9000
1622597120288000,1,6.35444838,29.8900
1622597120749000,1,34.00000070,29.8800
1622597120765000,1,16.60000000,29.8800
1622597120828000,1,50.41012544,29.8800
1622597121722000,1,15.89037371,29.8700
1622597121722000,1,6.22317205,29.8700
1622597135031000,1,35.45809024,29.8600
1622597135399000,1,14.96437762,29.8600
1622597135399000,1,5.98935849,29.8600
1622597137377000,1,837.91740257,29.8500
1622597142369000,1,50.20000128,29.8500
1622597142445000,1,2.76359615,29.8500
1622597142445000,1,22.45085284,29.8400
1622597142643000,1,5.77304615,29.8400
1622597142643000,1,14.43406565,29.8400
1622597142938000,1,37.52515979,29.8300
1622597146392000,0,75.46000000,29.8500
1622597148603000,0,77.00000000,29.8600
1622597150508000,1,5.43274197,29.8500
1622597150508000,1,13.58185492,29.8500
1622597151786000,1,5.43270558,29.8300
1622597151786000,1,1.20819113,29.8300
1622597151905000,1,12.37357281,29.8300
1622597151905000,1,38.42642719,29.8300
1622597152428000,1,5.06630711,29.8300
1622597152450000,1,13.70413790,29.8300
1622597159297000,0,77.00000000,29.8500
1622597162068000,0,77.00000000,29.8500
1622597165186000,0,77.00000000,29.8700
1622597178696000,1,5.20000000,29.8800
1622597181263000,1,5.20973834,29.8600
1622597192935000,0,77.00000000,29.8700
1622597214484000,1,5.30933432,29.8900
1622597219870000,1,5.30933432,29.8800
1622597235870000,1,50.52016870,29.8900
1622597248836000,0,77.00000000,29.9100
1622597261953000,1,5.05000000,29.9300
1622597271351000,1,70.00000000,29.9300
1622597271434000,1,17.20800000,29.9300
1622597271434000,1,2.79200000,29.9300
1622597271437000,1,2.24019324,29.9300
1622597271437000,1,12.58182819,29.9200
1622597271492000,1,49.50329464,29.9100
1622597271541000,1,50.20000000,29.9100
1622597271548000,1,30.50364352,29.9100
1622597272094000,1,197.86306184,29.9100
1622597276193000,1,4.93471495,29.8900
1622597282107000,0,75.46000000,29.8900
1622597283487000,0,77.00000000,29.9000
1622597289193000,0,40.88270000,29.9100
1622597289200000,0,0.00004278,29.9100
1622597289665000,0,16.50000000,29.9200
1622597289665000,0,102.20842801,29.9200
1622597289665000,0,40.88110248,29.9200
1622597302088000,1,6.38229295,29.9400
1622597302088000,1,15.95562581,29.9400
1622597343597000,1,4.33247233,29.9100
1622597382139000,1,5.04681942,29.8500
1622597393761000,0,40.94739426,29.8600
1622597393761000,0,62.57260574,29.8600
1622597404817000,0,52.23301668,29.8900
1622597404825000,0,24.76698332,29.8900
1622597407437000,1,5.48067726,29.8800
1622597407437000,1,13.70361807,29.8800
1622597407437000,1,61.21490201,29.8800
1622597407469000,1,35.63300631,29.8800
1622597408373000,0,102.28715090,29.8900
1622597408373000,0,65.11604910,29.9000
1622597408420000,0,102.28717497,29.9000
1622597408420000,0,16.30000000,29.9100
1622597408420000,0,40.87592807,29.9100
1622597408420000,0,167.34733082,29.9100
1622597408420000,0,113.24436614,29.9100
1622597413811000,0,76.99999999,29.9300
1622597413839000,0,0.00000001,29.9300
1622597417019000,0,39.77091292,29.9500
1622597417019000,0,20.60000000,29.9500
1622597417019000,0,16.62928708,29.9500
1622597417084000,1,77.00000000,29.9300
1622597421912000,1,76.99990000,29.9000
1622597449188000,1,77.00000000,29.9500
1622597453974000,1,15.32852564,29.9300
1622597453974000,1,39.83894118,29.9300
1622597453974000,1,6.12899440,29.9300
1622597467944000,1,5.21840000,29.9700
1622597468007000,1,0.00006031,29.9700
1622597472728000,1,5.31037538,29.9600
1622597472728000,1,5.17492462,29.9600
1622597489015000,1,5.25686878,29.9600
1622597497161000,1,5.20000000,29.9500
1622597510074000,1,5.18000000,29.9000
1622597533272000,1,5.06956008,29.9200
1622597539015000,1,5.02560543,29.8900
1622597559064000,1,4.99305899,29.9400
1622597591269000,1,4.85000000,29.9300
1622597602520000,1,4.83000000,29.9300
1622597625887000,1,4.80719091,29.9400
1622597678441000,1,4.69153711,29.9800
1622597682149000,1,4.66938888,29.9800
1622597710457000,1,4.62281430,29.9800
1622597711885000,1,11.55356726,29.9700
1622597711885000,1,4.62281430,29.9700
1622597791303000,1,4.49000000,29.9800
1622597791315000,1,0.00504343,29.9800
1622597813313000,0,77.00000000,29.9600
1622597821307000,0,76.99990000,29.9700
1622597886024000,0,10.67256000,30.0000
1622597914215000,0,1.04617940,30.0000
1622597917712000,0,0.02135060,30.0000
1622597977550000,1,4.34313618,30.0300
1622597977550000,1,10.85783382,30.0300
1622598031743000,0,40.77444859,29.9800
1622598031743000,0,75.91555141,29.9800
1622598038438000,1,149.32270024,29.9700
1622598038441000,1,50.87054430,29.9700
1622598038760000,1,50.50000000,29.9700
1622598038967000,1,129.64875546,29.9700
1622598038967000,1,243.16900000,29.9700
1622598039512000,1,4.10000000,29.9600
1622598112075000,1,4.43248382,29.9900
1622598112075000,1,11.07751618,29.9900
1622598162156000,1,14.67000000,29.9800
1622598164483000,1,3.67000000,29.9800
1622598188902000,1,49.15000000,29.9800
1622598289815000,1,10.90746055,29.9300
1622598289815000,1,4.36336301,29.9300
1622598299951000,0,40.84070000,29.9300
1622598303600000,0,35.07480000,29.9400
1622598326808000,1,4.66000000,29.9800
1622598395988000,1,33.60717702,30.0900
1622598412134000,1,4.60210392,30.0500
1622598449789000,0,27.47000000,30.0800
1622598450877000,0,138.91000000,30.0800
1622598454387000,0,166.19415718,30.1000
1622598463048000,1,4.57343971,30.0900
1622598463048000,1,11.43359928,30.0900
1622598495641000,0,77.00000000,30.0700
1622598495641000,0,166.38000000,30.0700
1622598497174000,1,4.26259254,30.0600
1622598497174000,1,10.65648134,30.0600
1622598550055000,0,166.49000000,30.0500
1622598550551000,0,0.00404150,30.0500
1622598559008000,0,0.00174253,30.0700
1622598559008000,0,16.49825747,30.0800
1622598621753000,0,60.49610000,30.1000
1622598843946000,0,88.59858264,30.0900
1622598843979000,0,77.66786012,30.0900
1622598860581000,0,0.00002979,30.2000
1622598860581000,0,70.52594021,30.2000
1622598899744000,1,12.54520516,30.2300
1622598899744000,1,5.01808206,30.2300
1622598921221000,1,20.80000000,30.2500
1622598939485000,1,77.00000000,30.2700
1622598940567000,1,826.31509932,30.2500
1622598941063000,1,32.04733936,30.2500
1622598941552000,1,4.93034813,30.2400
1622598941552000,1,12.32318294,30.2400
1622598942108000,1,77.00000000,30.2300
1622598945159000,1,77.00000000,30.2300
1622598945159000,1,4.68822043,30.2300
1622598945159000,1,11.72055108,30.2300
1622598950694000,1,77.00000000,30.2000
1622598954864000,1,4.61005137,30.2000
1622598955393000,1,29.97069081,30.1900
1622598955393000,1,11.52718877,30.1900
1622598962952000,1,4.37901608,30.2000
1622598962952000,1,10.94898964,30.2000
1622598962952000,1,77.00000000,30.2000
1622598966894000,1,4.30314116,30.2000
1622598967409000,1,27.98023494,30.1900
1622598967409000,1,4.30314116,30.1900
1622598967409000,1,10.76141502,30.1900
1622598978913000,1,77.00000000,30.1500
1622598986397000,1,77.00000000,30.1600
1622599042793000,1,10.63781542,30.1900
1622599042793000,1,4.25512617,30.1900
1622599045272000,1,4.10500948,30.1900
1622599046656000,1,26.68821614,30.1900
1622599046656000,1,10.26469851,30.1900
1622599049104000,1,3.90046424,30.1800
1622599049104000,1,25.35301757,30.1800
1622599049104000,1,9.75116060,30.1800
1622599049301000,1,110.01510000,30.1800
1622599049887000,1,3.90046424,30.1700
1622599049887000,1,9.75116060,30.1700
1622599049887000,1,25.35301757,30.1700
1622599053405000,1,3.49235038,30.1700
1622599053405000,1,8.73087595,30.1700
1622599053405000,1,22.70007367,30.1700
1622599053408000,1,0.00020379,30.1700
1622599054024000,1,22.70027746,30.1600
1622599059008000,1,3.16668154,30.1600
1622599059008000,1,7.91670384,30.1600
1622599071533000,1,3.22415747,30.1700
1622599072474000,1,8.06076764,30.1600
1622599072474000,1,20.95702356,30.1600
1622599072474000,1,3.22479865,30.1600
1622599137641000,1,3.04379693,30.2000
1622599137641000,1,7.60949231,30.2000
1622599137641000,1,19.78730019,30.1900
1622599137641000,1,38.18448975,30.1900
1622599137642000,1,38.81551025,30.1900
1622599137644000,1,47.54883134,30.1800
1622599137818000,1,7.60949231,30.1900
1622599137818000,1,3.04379693,30.1900
1622599137961000,1,3.04379693,30.1800
1622599137961000,1,4.64318085,30.1800
1622599138036000,1,2.96631146,30.1800
1622599138036000,1,19.78664508,30.1800
1622599138255000,1,77.00000000,30.1500
1622599139241000,1,22.53352874,30.1300
1622599139428000,1,54.46647126,30.1300
1622599140143000,1,2.65505006,30.1200
1622599140143000,1,17.25782537,30.1200
1622599140143000,1,6.63762514,30.1200
1622599140143000,1,42.55808524,30.1200
1622599140143000,1,7.89141419,30.1200
1622599140206000,1,168.96558581,30.1200
1622599142134000,0,75.46000000,30.1600
1622599142156000,0,1.54000000,30.1600
1622599146144000,0,75.46000000,30.1800
1622599166242000,1,6.38615443,30.1700
1622599166242000,1,2.55434557,30.1700
1622599166526000,1,0.00011620,30.1700
1622599166526000,1,164.83068380,30.1600
1622599167182000,1,2.55440000,30.1600
1622599167282000,1,0.00006177,30.1600
1622599167282000,1,6.38603823,30.1600
1622599169412000,1,0.00011620,30.1600
1622599169412000,1,16.60312192,30.1500
1622599169412000,1,42.17116188,30.1500
1622599169982000,1,16.03820000,30.1600
1622599171748000,1,0.00001998,30.1600
1622599171748000,1,5.76031612,30.1600
1622599171748000,1,0.00006390,30.1600
1622599176463000,0,77.00000000,30.1900
1622599176463000,0,82.88000000,30.1900
1622599181080000,0,77.00000000,30.2200
1622599185375000,0,77.00000000,30.2600
1622599188231000,0,53.29549448,30.2800
1622599202318000,0,31.00000000,30.2700
1622599204198000,0,75.46000000,30.2800
1622599204200000,0,1.54000000,30.2800
1622599206319000,0,77.00000000,30.3000
1622599206319000,0,124.50000000,30.3100
1622599207288000,0,0.00016005,30.3100
1622599214139000,0,75.46000000,30.2900
1622599276792000,0,75.46000000,30.2100
1622599293178000,0,29.26919944,30.2000
1622599293374000,0,53.58020000,30.2000
1622599296345000,0,0.00008223,30.2000
1622599301753000,0,82.85910000,30.1900
1622599302220000,0,82.85910000,30.2000
1622599302275000,0,0.00001672,30.2000
1622599302675000,0,82.84940000,30.2100
1622599303565000,0,82.85910000,30.2000
1622599304772000,0,0.00001672,30.2000
1622599304772000,0,0.00008167,30.2100
1622599304772000,0,100.01880161,30.2100
1622599304774000,0,24.26987347,30.2100
1622599305114000,1,2.27389697,30.1800
1622599305114000,1,5.68568394,30.1800
1622599305115000,1,0.00000001,30.1800
1622599305263000,1,9.01774305,30.1700
1622599305314000,1,35.10000000,30.1700
1622599305320000,1,32.88225695,30.1700
1622599305502000,1,6.50000000,30.1600
1622599305549000,0,75.11711127,30.1900
1622599305549000,0,15.88418873,30.1900
1622599306394000,1,6.69107455,30.1500
1622599306484000,1,41.72800000,30.1500
1622599306671000,1,13.26057069,30.1500
1622599306678000,1,14.60008448,30.1500
1622599327746000,0,91.77000000,30.1500
1622599348615000,1,60.00000000,30.2000
1622599359394000,1,34.14000000,30.1800
1622599359434000,1,42.86000000,30.1800
1622599375728000,1,77.00000000,30.1800
1622599379522000,1,77.00000000,30.1700
1622599422093000,1,77.00000000,30.1500
1622599552832000,1,11.26940000,30.1700
1622599557161000,1,0.00007912,30.1700
1622599589552000,1,2.37696496,30.1700
1622599589552000,1,5.91293504,30.1700
1622599657180000,1,2.06077646,30.2400
1622599657180000,1,5.15182354,30.2400
1622599657194000,1,0.00011760,30.2400
1622599657194000,1,13.39292183,30.2300
1622599657670000,1,16.00000000,30.2200
1622599657670000,1,165.30810322,30.2200
1622599657755000,1,2.06077646,30.2300
1622599657755000,1,5.15194114,30.2300
1622599658420000,1,5.15194114,30.2200
1622599658420000,1,2.06077646,30.2200
1622599658420000,1,13.39488240,30.2200
1622599658619000,1,0.00016457,30.2200
1622599658619000,1,76.99983543,30.2200
1622599659979000,1,88.30826779,30.2200
1622599659979000,1,97.66063221,30.2200
1622599697698000,1,4.52572296,30.2000
1622599697698000,1,1.81042090,30.2000
1622599704172000,0,77.00000000,30.2100
1622599704172000,0,165.57000000,30.2100
1622599706153000,0,0.00174376,30.2100
1622599706153000,0,76.99825624,30.2100
1622599734258000,0,50.93000000,30.2200
1622599741326000,0,77.00000000,30.2400
1622599787291000,0,162.11367601,30.2600
1622599787301000,0,3.30844237,30.2600
1622599802011000,0,53.85000000,30.2700
1622599813105000,1,10.80307771,30.2700
1622599821819000,0,19.20000000,30.2900
1622599838489000,0,165.00585850,30.3400
1622599915407000,0,1.38299274,30.3400
1622599915835000,0,46.79230000,30.3400
1622599941476000,1,3.89765007,30.3700
1622599941476000,1,1.55906003,30.3700
1622599941476000,1,10.12328990,30.3700
1622599941480000,1,0.00879943,30.3700
1622600059953000,1,1.44081871,30.3700
1622600307985000,0,63.33000000,30.4100
1622600355467000,0,77.00000000,30.4400
1622600357536000,0,46.59000000,30.4600
1622600413152000,0,100.21906334,30.5000
1622600413152000,0,40.08093666,30.5000
1622600421863000,0,40.03789033,30.5300
1622600421863000,0,100.09150967,30.5300
1622600477242000,0,6.66400000,30.4800
1622600477756000,0,33.46279325,30.4800
1622600477756000,0,6.66390675,30.4800
1622600501259000,0,16.30000000,30.5000
1622600515895000,1,20.00000000,30.4500
1622600516087000,1,57.00000000,30.4500
1622600568951000,1,77.00000000,30.5100
1622600587789000,0,1390.43000000,30.5100
1622600611666000,0,2.35352000,30.5500
1622600611669000,0,0.00000001,30.5500
1622600645592000,0,0.82281780,30.5800
1622600645616000,0,0.01679220,30.5800
1622600647315000,1,12.63506179,30.5800
1622600647315000,1,5.05393821,30.5800
1622600673489000,1,17.09162000,30.5500
1622600699052000,1,77.00000000,30.5900
1622600765273000,1,11.30367718,30.6000
1622600771986000,1,77.00000000,30.6000
1622600772569000,1,4.85082429,30.5800
1622600772569000,1,12.13197563,30.5800
1622600772569000,1,31.54319707,30.5800
1622600773697000,1,77.00000000,30.5700
1622600831773000,1,77.00000000,30.6200
1622600835693000,1,77.00000000,30.5900
1622600844543000,1,30.11000000,30.5900
1622600844695000,1,46.89000000,30.5900
1622600851474000,1,5.98364197,30.5500
1622600851575000,1,3.93271606,30.5500
1622600851578000,1,5.98364197,30.5500
1622600851578000,1,15.25639680,30.5500
1622600863690000,1,77.00000000,30.5800
1622600863690000,1,1.17100000,30.5800
1622600867677000,1,49.60000000,30.5600
1622600883670000,1,77.00000000,30.5700
1622601037234000,0,22.20464203,30.5900
1622601084952000,0,150.56932401,30.5500
1622601084977000,0,13.25341082,30.5500
1622601084977000,0,32.91653027,30.5500
1622601084977000,0,40.03177422,30.5500
1622601084978000,0,163.76399198,30.5600
1622601084978000,0,15.53772332,30.5600
1622601085218000,0,100.07638658,30.5600
1622601085321000,0,40.03098780,30.5600
1622601085519000,0,260.08136000,30.5700
1622601119319000,1,11.47786362,30.5000
1622601119364000,1,13.82213638,30.5000
1622601119364000,1,16.74694325,30.5000
1622601119364000,1,6.69877730,30.5000
1622601207178000,1,41.22750000,30.5200
1622601213270000,1,6.13674992,30.5300
1622601213270000,1,15.34175008,30.5300
1622601213896000,1,6.13674992,30.5200
1622601213896000,1,15.34175008,30.5200
1622601214130000,1,163.75676994,30.5100
1622601214130000,1,39.90253006,30.5100
1622601214213000,1,0.00014391,30.5100
1622601214213000,1,15.34175609,30.5100
1622601214401000,1,0.00011871,30.5100
1622601214401000,1,6.13674992,30.5100
1622601214401000,1,15.99993137,30.5100
1622601215186000,1,0.00006863,30.5100
1622601215186000,1,163.78421031,30.5000
1622601215186000,1,39.01706727,30.5000
1622601215598000,1,15.90000000,30.5000
1622601215814000,1,6.00250000,30.5000
1622601216395000,0,77.00000000,30.5300
1622601218430000,1,15.90000000,30.5100
1622601228921000,1,16.30000000,30.5000
1622601258207000,1,16.10000000,30.4800
1622601268720000,1,15.90000000,30.4700
1622601274249000,1,16.30000000,30.4600
1622601320350000,0,4.74000000,30.5100
1622601320939000,0,172.50571000,30.5100
1622601328902000,1,5.33927811,30.5100
1622601328902000,1,13.34902189,30.5100
1622601343101000,1,5.24424211,30.5200
1622601343101000,1,13.11055789,30.5200
1622601346103000,1,5.24424211,30.5000
1622601346103000,1,13.11055789,30.5000
1622601468788000,0,0.97940503,30.5900
1622601472392000,1,12.35367555,30.5600
1622601472392000,1,4.94132445,30.5600
1622601514555000,1,11.79810679,30.5700
1622601514555000,1,4.71919321,30.5700
1622601514559000,1,0.00004951,30.5700
1622601514559000,1,26.62235049,30.5600
1622601528757000,0,37.00000000,30.5700
1622601584021000,1,30.20056030,30.5700
1622601584021000,1,4.64560222,30.5700
1622601584021000,1,0.77238044,30.5700
1622601584533000,0,26.15750000,30.5800
1622601584544000,0,10.84230000,30.5800
1622601704284000,1,4.39157655,30.6300
1622601704284000,1,10.97893345,30.6300
1622601711227000,1,10.79319749,30.6100
1622601711227000,1,4.31726251,30.6100
1622601745479000,0,77.00000000,30.5800
1622601827059000,1,4.24241000,30.6100
1622601909706000,0,77.00000000,30.5700
1622601941774000,0,163.54000000,30.6200
1622601965807000,1,4.13852698,30.5900
1622601965807000,1,10.34630302,30.5900
1622601989637000,1,4.03176060,30.5400
1622601989637000,1,10.07939940,30.5400
1622601989699000,1,0.00000210,30.5400
1622601991295000,1,11.43000000,30.5300
1622602055501000,1,77.00000000,30.5400
1622602165760000,1,27.60637381,30.5200
1622602165982000,1,88.43000000,30.5200
1622602166096000,1,2.87000000,30.5200
1622602179876000,0,71.23000000,30.5400
1622602181849000,1,1.38299274,30.5200
1622602261549000,1,3.93974714,30.5700
1622602261549000,1,9.84853042,30.5700
1622602261568000,1,0.00000001,30.5700
1622602274010000,1,231.86747000,30.5200
1622602274143000,1,1.89416345,30.5200
1622602274191000,0,13.39096655,30.5200
1622602308827000,0,16.80000000,30.5100
1622602320025000,1,77.00000000,30.5100
1622602423275000,0,16.30000000,30.4800
1622602423275000,0,149.18512000,30.4800
1622602572386000,1,7.27259024,30.5100
1622602572386000,1,2.90890976,30.5100
1622602572649000,1,19.89970000,30.5000
1622602633492000,1,15.95700000,30.4900
1622602647296000,1,6.57530292,30.4700
1622602647296000,1,2.62929708,30.4700
1622602652195000,1,2.58575957,30.4600
1622602652195000,1,6.46424043,30.4600
1622602661223000,1,2.54150000,30.4400
1622602666344000,1,2.52962137,30.4300
1622602666344000,1,6.32397863,30.4300
1622602673210000,1,14.70340000,30.3800
1622602680587000,1,15.42178287,30.3500
1622602680616000,1,0.00000001,30.3500
1622602680616000,1,2.37222282,30.3500
1622602680616000,1,0.53345295,30.3500
1622602680648000,1,5.39800201,30.3500
1622602721339000,0,77.00000000,30.2200
1622602721662000,0,40.43068129,30.2400
1622602721662000,0,36.56931871,30.2500
1622602802346000,0,40.42188578,30.2600
1622602802449000,0,0.00000001,30.2600
1622602804481000,1,77.00000000,30.2700
1622602806987000,0,32.55354407,30.2700
1622602806987000,0,101.01645593,30.2700
1622602836769000,1,2.84790000,30.3100
1622602836771000,1,0.00007473,30.3100
1622602836771000,1,7.12059704,30.3000
1622602836771000,1,67.03132823,30.3000
1622602856010000,0,77.00000000,30.2900
1622602862839000,0,77.00000000,30.3100
1622602864894000,0,77.00000000,30.3100
1622602866937000,0,77.00000000,30.3100
1622602869444000,0,77.00000000,30.3100
1622602872556000,0,77.00000000,30.3200
1622602878593000,0,77.00000000,30.3400
1622602883682000,0,53.02661570,30.3700
1622602884131000,0,23.97338000,30.3700
1622602888480000,0,77.00000000,30.4000
1622602900320000,1,2.52538122,30.3800
1622602900320000,1,0.15521579,30.3800
1622602900954000,0,68.10000000,30.4100
1622602938207000,0,77.00000000,30.3900
1622602994529000,1,56.93509958,30.3400
1622602994625000,1,94.26490042,30.3400
1622603041123000,0,165.05094966,30.3300
1622603042421000,0,16.00000000,30.3500
1622603042421000,0,164.92453121,30.3600
1622603042421000,0,163.35346879,30.3600
1622603042843000,0,16.30000000,30.3500
1622603042843000,0,5.68607476,30.3600
1622603042843000,0,40.27993442,30.3600
1622603042843000,0,84.39599082,30.3600
1622603043040000,0,16.30012926,30.3600
1622603043040000,0,65.10708813,30.3600
1622603043040000,0,32.80540005,30.3700
1622603043040000,0,67.89628256,30.3700
1622603173133000,1,77.00000000,30.4900
1622603181770000,1,3.45671457,30.5000
1622603181770000,1,8.64048359,30.5000
1622603181770000,1,10.36800184,30.5000
1622603181786000,1,12.09710000,30.5000
1622603211358000,1,3.18483495,30.5200
1622603211358000,1,7.96176505,30.5200
1622603211412000,1,0.00011368,30.5200
1622603211412000,1,16.10000000,30.5100
1622603211412000,1,15.19080000,30.5100
1622603225009000,1,31.40000000,30.4800
1622603230912000,0,16.30000000,30.4700
1622603242596000,0,16.10000000,30.4900
1622603275474000,1,77.00000000,30.6400
1622603275941000,1,4.09312919,30.6300
1622603275941000,1,22.51407081,30.6300
1622603276090000,1,4.09310000,30.6300
1622603276974000,0,76.99999999,30.6500
1622603277012000,0,0.00000001,30.6500
1622603296079000,1,16.87626581,30.6000
1622603296079000,1,6.75143260,30.6000
1622603296079000,1,66.75999159,30.6000
1622603296168000,1,0.00000841,30.6000
1622603305694000,0,80.00000000,30.6200
1622603307698000,0,77.00000000,30.6200
1622603307698000,0,77.00000000,30.6300
1622603307698000,0,3.00000000,30.6300
1622603311351000,0,19.20000000,30.6500
1622603313407000,0,16.20000000,30.6600
1622603314803000,0,16.00000000,30.6700
1622603321254000,0,39.89087566,30.6700
1622603321254000,0,15.90000000,30.6800
1622603321254000,0,77.50912434,30.6800
1622603326633000,1,7.34003000,30.6700
1622603335758000,0,16.20000000,30.7000
1622603337186000,0,920.00000000,30.7200
1622603339589000,0,80.00000000,30.7200
1622603339589000,0,16.10000000,30.7200
1622603341001000,1,77.00000000,30.7100
1622603342289000,1,15.90000000,30.6900
1622603365946000,1,16.20000000,30.7000
1622603367109000,1,77.00000000,30.6900
1622603376918000,1,8.20650000,30.7000
1622603384475000,1,20.42299658,30.6800
1622603384475000,1,53.09504108,30.6800
1622603384475000,1,8.16826234,30.6800
1622603411151000,1,43.87479000,30.6000
1622603421586000,0,16.30000000,30.6300
1622603449186000,1,77.00000000,30.7000
1622603450350000,1,18.51805273,30.6800
1622603450350000,1,7.40714727,30.6800
1622603450647000,1,0.00007382,30.6800
1622603452343000,1,7.37563123,30.6600
1622603452343000,1,18.43896877,30.6600
1622603467027000,1,7.12690000,30.6400
1622603498276000,1,7.09000000,30.6300
1622603541653000,0,22.40000000,30.7300
1622603547304000,1,7.89280000,30.7200
1622603547408000,1,0.00004637,30.7200
1622603547408000,1,19.72815363,30.7200
1622603549150000,1,0.00010998,30.7200
1622603549150000,1,22.51979002,30.7200
1622603566160000,1,6.75000000,30.7300
1622603566188000,1,0.00684331,30.7300
1622603566631000,1,19.10027018,30.7200
1622603566631000,1,48.41054717,30.7200
1622603566631000,1,79.99918265,30.7200
1622603566845000,1,0.00081735,30.7200
1622603569890000,0,45.99999999,30.7400
1622603569903000,0,0.00000001,30.7400
1622603574777000,1,6.75684000,30.7400
1622603575239000,1,6.75000000,30.7300
1622603575726000,1,72.00000000,30.7300
1622603575915000,0,88.00000000,30.7300
1622603575918000,1,16.20000000,30.7200
1622603575918000,1,77.00000000,30.7200
1622603575918000,1,54.31081000,30.7200
1622603577156000,1,36.97550000,30.7400
1622603577594000,1,14.22120000,30.7400
1622603584295000,1,13.44315757,30.7500
1622603584295000,1,5.37714243,30.7500
1622603632631000,1,32.69691750,30.7300
1622603632631000,1,5.03217323,30.7300
1622603678551000,1,4.50297638,30.7300
1622603678551000,1,9.23702362,30.7300
1622603714997000,1,66.10000000,30.7900
1622603742160000,1,33.10000000,30.7700
1622603748208000,1,16.20000000,30.7400
1622603749157000,1,15.90000000,30.7300
1622603758985000,1,3.89302224,30.7000
1622603758985000,1,3.89331776,30.7000
1622603794387000,1,16.20000000,30.7200
1622603818730000,1,15.90000000,30.7300
1622603836939000,0,4.02274943,30.7200
1622603844823000,1,15.90000000,30.6700
1622603844823000,1,4.17152472,30.6700
1622603844823000,1,10.42880528,30.6700
1622603886102000,0,4.02260000,30.6800
1622603925569000,1,13.11000000,30.6600
1622603929554000,1,2.98000000,30.6600
1622603929563000,1,87.19900000,30.6600
1622603998451000,0,16.00000000,30.6400
1622604052991000,0,39.76596046,30.7600
1622604052991000,0,99.42617722,30.7600
1622604053151000,0,258.42522437,30.7700
1622604053195000,1,77.00000000,30.7700
1622604053432000,0,77.00000000,30.7800
1622604055577000,1,3.95717000,30.7500
1622604085353000,0,77.00000000,30.7700
1622604085556000,0,99.37441352,30.7800
1622604085556000,0,39.74113648,30.7800
1622604085584000,0,0.00000774,30.7800
1622604085878000,0,77.00000000,30.7900
1622604183089000,0,77.00000000,30.7600
1622604183104000,1,24.46000000,30.7700
1622604183155000,1,5.05200000,30.7700
1622604184527000,0,77.00000000,30.7600
1622604200995000,1,6.64355302,30.7300
1622604201148000,1,26.13000000,30.7300
1622604201151000,1,44.22644698,30.7300
1622604202130000,1,4.00000000,30.7200
1622604202130000,1,17.48989777,30.7200
1622604202130000,1,6.42369999,30.7200
1622604207027000,0,33.15271517,30.7400
1622604208211000,0,66.30861790,30.7400
1622604208211000,0,10.69138210,30.7400
1622604209748000,0,29.09459243,30.7400
1622604209760000,0,0.00000001,30.7400
1622604210916000,0,7.40541808,30.7500
1622604211327000,0,7.91600993,30.7500
1622604211448000,0,64.67857199,30.7500
1622604211448000,0,28.89325276,30.7500
1622604211501000,0,51.10674724,30.7500
1622604215792000,0,77.00000000,30.7600
1622604215910000,1,77.00000000,30.7500
1622604215910000,1,16.10000000,30.7500
1622604216379000,1,3.03847604,30.7500
1622604216379000,1,7.65539042,30.7500
1622604216379000,1,16.00000000,30.7500
1622604216379000,1,73.30613354,30.7500
1622604216830000,1,19.43687149,30.7600
1622604216830000,1,7.77474860,30.7600
1622604251502000,1,63.83000000,30.8100
1622604264690000,1,23.34167384,30.8100
1622604264690000,1,9.33832616,30.8100
1622604273756000,0,27.02000000,30.8300
1622604297973000,1,21.65894075,30.8000
1622604297973000,1,8.66345925,30.8000
1622604316890000,1,8.17058579,30.8000
1622604318895000,1,20.00000000,30.7900
1622604318895000,1,77.00000000,30.7900
1622604319154000,1,8.17058579,30.7800
1622604319154000,1,8.17106313,30.7800
1622604319154000,1,46.95435108,30.7800
1622604411652000,0,15.80000000,30.7600
1622604415030000,1,19.56597075,30.7500
1622604415030000,1,7.82637925,30.7500
1622604415128000,1,0.00000905,30.7500
1622604451984000,1,4.02274943,30.7400
1622604464190000,1,77.00000000,30.7200
1622604464190000,1,34.08000000,30.7200
1622604464237000,1,17.23057825,30.7200
1622604464237000,1,7.89485391,30.7200
1622604464237000,1,19.73713478,30.7200
1622604476734000,1,46.54000000,30.7000
1622604476841000,1,225.90000000,30.7000
1622604477874000,1,11.63000000,30.6900
1622604480851000,1,2.91000000,30.6900
1622604480903000,1,5.26000000,30.6900
1622604484169000,1,450.71296000,30.6700
1622604484171000,1,90.97920847,30.6700
1622604484172000,1,28.25874327,30.6700
1622604484192000,1,86.79874022,30.6700
1622604484231000,1,48.83641356,30.6700
1622604484235000,1,294.41393448,30.6700
1622604484393000,1,7.47779530,30.6500
1622604484393000,1,18.69448824,30.6500
1622604488292000,0,39.86645428,30.6700
1622604488292000,0,99.67351572,30.6700
1622604518737000,1,77.00000000,30.6900
1622604518737000,1,0.83000000,30.6900
1622604520260000,1,64.70215649,30.6900
1622604529329000,1,27.35000000,30.6900
1622604529471000,1,41.30380000,30.6900
1622604530460000,1,0.00004351,30.6900
1622604550194000,1,64.68000000,30.6300
1622604550238000,1,12.32000000,30.6300
1622604550238000,1,8.36895874,30.6300
1622604550238000,1,20.92499135,30.6300
1622604562876000,1,8.07765708,30.6300
1622604562876000,1,20.19414270,30.6300
1622604562876000,1,36.54730022,30.6300
1622604576513000,0,99.74835000,30.6600
1622604576573000,0,0.00000893,30.6600
1622604584884000,0,39.85155924,30.6800
1622604606185000,0,16.00000000,30.6900
1622604618543000,1,21.83446757,30.6900
1622604618543000,1,8.73163243,30.6900
1622604618731000,1,20.20000000,30.6800
1622604618731000,1,21.83446757,30.6800
1622604618731000,1,4.39953243,30.6800
1622604659113000,0,77.00000000,30.6500
1622604659113000,0,163.25171000,30.6500
1622604759683000,0,76.99980000,30.6300
1622604783873000,1,26.81463058,30.5800
1622604788046000,1,77.00000000,30.5800
1622604825797000,0,16.20000000,30.6100
1622604838179000,0,16.30000000,30.6300
1622604857802000,0,15.90000000,30.6100
1622604903049000,0,15.80000000,30.6200
1622604903706000,0,15.90000000,30.6300
1622604917132000,0,77.00000000,30.6600
1622604917132000,0,32.52772341,30.6600
1622604917132000,0,163.25227659,30.6600
1622604917134000,0,0.00598279,30.6600
1622604929990000,1,6.28577137,30.6400
1622604929990000,1,15.71702863,30.6400
1622604930085000,1,0.00016811,30.6400
1622604930481000,1,4.81180000,30.6300
1622604951735000,1,70.85248761,30.6200
1622604977885000,0,5.90657552,30.7200
1622605001506000,1,6.01011383,30.6500
1622605001506000,1,15.02768617,30.6500
1622605058124000,1,3.77000000,30.6900
1622605070247000,1,53.58480000,30.6700
1622605071279000,1,684.40000000,30.6700
1622605071292000,1,0.00120000,30.6700
1622605121000000,0,99.63901949,30.6700
1622605121000000,0,39.85098051,30.6700
1622605121073000,0,0.00583435,30.6700
1622605135030000,1,77.00000000,30.6800
1622605195264000,1,41.29329838,30.6400
1622605195264000,1,15.88369550,30.6400
1622605195264000,1,6.35320612,30.6400
1622605195381000,1,0.00027208,30.6400
1622605249517000,1,5.92789579,30.6300
1622605249666000,1,4.73817348,30.6300
1622605249748000,1,72.26182652,30.6300
1622605277113000,1,363.48600000,30.6200
1622605287609000,0,1.48270234,30.6400
1622605314314000,1,75.05000000,30.6300
1622605314382000,1,1.95000000,30.6300
1622605314944000,1,26.28260492,30.6200
1622605315021000,1,11.70955929,30.6200
1622605336542000,1,15.90000000,30.5500
1622605354902000,0,99.87571633,30.5900
1622605354902000,0,25.12428367,30.5900
1622605369536000,1,16.20000000,30.5600
1622605369536000,1,164.70090000,30.5600
1622605389109000,1,16.30000000,30.5500
1622605389350000,1,16.70625147,30.5400
1622605389350000,1,6.68249853,30.5400
1622605410032000,1,15.34350000,30.5300
1622605569684000,0,77.00000000,30.5600
1622605586592000,0,23.60000000,30.5500
1622605597369000,0,40.00620000,30.5600
1622605667750000,0,16.30000000,30.5600
1622605675127000,0,39.98905959,30.5700
1622605675127000,0,4.30474041,30.5700
1622605679359000,1,4.45000000,30.5400
1622605679826000,1,135.61000000,30.5400
1622605745210000,1,101.93000000,30.5000
1622605745219000,1,61.90364460,30.5000
1622605747542000,1,77.00000000,30.4900
1622605757863000,0,77.00000000,30.4900
1622605757863000,0,40.08000000,30.4900
1622605766440000,1,32.51968503,30.4800
1622605766440000,1,11.03512057,30.4800
1622605766440000,1,27.58519440,30.4800
1622605767165000,1,0.00260703,30.4800
1622605768463000,1,235.00000000,30.4700
1622605770985000,0,40.10279428,30.4800
1622605770985000,0,36.89720572,30.4800
1622605772616000,1,77.00000000,30.4600
1622605775744000,1,70.48002632,30.4500
1622605840152000,1,77.00000000,30.5100
1622605871694000,1,16.00000000,30.4900
1622605919314000,1,16.00000000,30.5400
1622605991307000,1,11.42340000,30.5500
1622606072029000,1,11.23760000,30.5600
1622606141708000,1,15.90000000,30.5200
1622606157779000,1,16.00000000,30.5100
1622606302129000,1,12.10686798,30.4900
1622606302129000,1,30.26703202,30.4900
1622606313500000,1,21.00000000,30.4700
1622606321764000,1,20.00000000,30.4700
1622606401731000,0,40.02472868,30.5500
1622606401731000,0,1.42527132,30.5500
1622606402890000,0,23.46810175,30.5600
1622606402891000,0,6.74693058,30.5600
1622606402926000,0,9.13000000,30.5600
1622606403681000,0,357.34854930,30.5800
1622606403707000,0,714.37145070,30.5800
1622606407127000,0,77.00000000,30.5900
1622606408127000,0,39.28000000,30.6000
1622606548944000,1,16.20000000,30.6200
1622606549835000,0,75.46000000,30.6300
1622606549906000,0,1.54000000,30.6300
1622606579887000,0,37.29000000,30.6700
1622606580006000,0,11.00124402,30.6700
1622606625226000,1,95.00000000,30.6800
1622606625339000,1,309.72800000,30.6800
1622606679210000,1,1.67000000,30.6100
1622606679427000,1,490.00000000,30.6100
1622606679513000,1,141.36700000,30.6100
1622606723109000,0,65.99880000,30.6200
1622606929991000,0,39.85432494,30.6700
1622606929991000,0,99.63278506,30.6700
1622607082716000,0,16.10000000,30.6900
1622607084532000,0,15.80000000,30.7100
1622607136921000,0,31.84563543,30.7200
1622607177759000,0,31.84560000,30.7200
1622607256634000,1,77.00000000,30.7000
1622607271234000,1,56.39000000,30.6700
1622607273237000,1,20.61000000,30.6700
1622607325101000,1,77.00000000,30.6900
1622607383546000,1,77.00000000,30.7600
1622607641394000,0,16.10000000,30.8100
1622607698552000,0,16.10000000,30.8600
1622607703186000,1,12.42719258,30.8600
1622607703186000,1,13.11827516,30.8600
1622607706092000,1,77.00000000,30.8400
1622607712990000,1,13.00270000,30.8400
1622607911557000,1,5.95924307,30.7500
1622607911836000,1,5.94940640,30.7500
1622607912235000,1,49.05000000,30.7500
1622607937729000,1,77.00000000,30.7800
1622608099598000,1,11.62000000,30.8600
1622608099830000,1,0.00005125,30.8600
1622608099830000,1,29.04993990,30.8600
1622608099830000,1,75.53208613,30.8500
1622608218332000,1,22.27000000,30.8500
1622608223968000,1,13.00000000,30.8400
1622608237542000,1,9.69785072,30.8100
1622608237542000,1,24.24918908,30.8100
1622608237641000,1,26.37811196,30.8100
1622608237642000,1,3.76600000,30.8100
1622608237661000,1,7.56892784,30.8100
1622608238742000,1,7.22492768,30.8000
1622608239862000,1,37.03213268,30.8000
1622608255258000,1,6.06107216,30.8100
1622608262073000,1,43.06000000,30.8100
1622608263806000,1,27.87892000,30.8100
1622608263860000,1,0.00000784,30.8100
1622608268250000,1,10.34803236,30.7900
1622608269353000,1,43.63634769,30.7900
1622608269659000,1,39.63393433,30.7900
1622608273985000,1,15.80000000,30.7800
1622608273985000,1,24.10000000,30.7800
1622608293763000,1,7.50874202,30.7600
1622608293873000,1,8.59125798,30.7600
1622608293965000,1,33.16414065,30.7600
1622608293985000,1,19.59603237,30.7600
1622608294025000,1,4.64379461,30.7600
1622608294063000,1,9.10000000,30.7600
1622608294105000,1,10.43798331,30.7600
1622608298261000,1,29.59195619,30.7600
1622608298268000,1,22.11788784,30.7600
1622608321398000,0,2.06000000,30.7500
1622608534707000,1,6.15665879,30.7200
1622608562399000,1,35.20000000,30.7400
1622608644371000,1,14.54480231,30.7200
1622608865965000,0,5.00000000,30.7100
1622608968766000,1,15.80000000,30.6600
1622608987059000,1,15.80000000,30.6400
1622609004549000,1,17.79531842,30.6300
1622609004549000,1,7.11812737,30.6300
1622609004848000,1,36.60000000,30.6200
1622609004935000,1,6.23473837,30.6200
1622609009405000,1,26.00000000,30.6000
1622609041785000,1,16.20000000,30.5600
1622609043015000,1,13.86839345,30.5500
1622609092678000,1,16.30000000,30.5600
1622609092979000,1,6.48739970,30.5500
1622609093131000,1,16.21892385,30.5500
1622609093131000,1,5.07472407,30.5400
1622609093217000,1,14.33961506,30.5400
1622609093603000,1,1.86038494,30.5400
1622609119632000,1,16.20000000,30.5200
1622609163822000,0,16.30000000,30.5700
1622609167756000,1,15.77330038,30.5800
1622609167756000,1,6.30929962,30.5800
1622609194468000,1,6.19970000,30.5800
1622609197051000,1,6.20060000,30.5800
1622609197236000,1,0.00008233,30.5800
1622609197236000,1,40.31230728,30.5700
1622609197236000,1,670.02301039,30.5700
1622609350552000,0,152.39000000,30.5500
1622609350552000,0,53.54000000,30.5500
1622609350566000,0,0.00200000,30.5500
1622609533839000,1,9.83584478,30.5300
1622609533839000,1,3.93541987,30.5300
1622609533839000,1,23.69497802,30.5300
1622609640893000,1,3.82616799,30.5500
1622609640893000,1,9.56533201,30.5500
1622609641067000,1,0.00008796,30.5500
1622609641907000,1,9.17828156,30.5300
1622609641986000,1,0.39258837,30.5300
1622609641986000,1,3.82834797,30.5300
1622609641986000,1,6.72171844,30.5300
1622609642127000,1,70.27828156,30.5300
1622609702305000,0,16.10000000,30.5600
1622609712550000,1,3.78572105,30.5600
1622609712550000,1,9.46430263,30.5600
1622609740371000,1,3.71711262,30.5800
1622609740371000,1,9.29268738,30.5800
1622609742017000,1,3.71711262,30.5700
1622609742017000,1,9.29278155,30.5700
1622609742017000,1,35.02410583,30.5600
1622609742540000,1,9.13493796,30.5600
1622609742540000,1,3.65386204,30.5600
1622609754961000,1,157.65566000,30.5900
1622609755044000,1,0.00000917,30.5900
1622609862569000,1,3.45719327,30.5400
1622609862569000,1,163.67720833,30.5300
1622609862569000,1,13.07373734,30.5300
1622609862834000,1,9.39331172,30.5300
1622609862834000,1,8.63668828,30.5300
1622609863235000,1,15.15681549,30.5300
1622609872406000,1,77.00000000,30.5100
1622609941998000,0,16.20000000,30.5100
1622609969101000,0,15.90000000,30.5200
1622610024474000,1,19.90924000,30.6000
1622610024658000,1,0.00000079,30.6000
1622610025217000,0,13.36648941,30.6000
1622610042890000,1,57.64000000,30.5900
1622610063681000,1,10.49245904,30.6100
1622610091670000,1,15.49000000,30.6600
1622610092475000,1,0.00260993,30.6600
1622610092475000,1,10.45049007,30.6600
1622610092568000,1,0.00002462,30.6600
1622610103951000,0,3.05675146,30.6600
1622610123154000,1,12.06000000,30.6600
1622610123154000,1,0.00273404,30.6600
1622610144727000,1,15.80000000,30.6300
1622610151471000,1,44.28880000,30.6100
1622610181269000,1,0.00008286,30.6100
1622610181269000,1,44.32625714,30.6100
1622610181280000,1,0.00000508,30.6100
1622610194839000,1,0.90093000,30.5700
1622610198615000,0,55.35000000,30.5800
1622610222752000,1,86.44855000,30.6100
1622610223428000,1,0.00000420,30.6100
1622610223428000,1,21.83619580,30.6100
1622610223926000,1,68.01729000,30.6100
1622610229376000,1,0.00000588,30.6100
1622610229376000,1,76.99999412,30.6100
1622610245536000,1,164.05070000,30.6000
1622610245631000,1,0.00000626,30.6000
1622610246675000,1,67.11190000,30.6000
1622610246688000,1,0.00006210,30.6000
1622610271410000,1,9.88810000,30.6200
1622610271978000,1,150.00000000,30.6200
1622610272071000,1,20.19721000,30.6200
1622610272862000,1,0.00000358,30.6200
1622610279598000,1,0.90070896,30.6100
1622610299267000,0,157.53600000,30.6300
1622610366464000,1,1.84731946,30.6600
1622610401301000,1,48.30287206,30.6700
1622610401451000,1,65.53165407,30.6700
1622610401519000,1,49.08614535,30.6700
1622610401560000,1,16.10000000,30.6600
1622610550700000,1,77.00000000,30.6200
1622610555536000,1,41.98000000,30.6100
1622610561921000,1,31.68000000,30.6100
1622610562068000,1,14.44000000,30.6100
1622610562075000,1,30.88000000,30.6100
1622610562190000,1,5.53070304,30.6000
1622610562190000,1,13.82675760,30.6000
1622610562190000,1,30.02606292,30.6000
1622610562290000,1,7.97393708,30.6000
1622610567603000,1,77.00000000,30.5700
1622610601937000,0,39.95414190,30.5700
1622610601937000,0,99.88231656,30.5700
1622610624091000,1,15.90000000,30.5000
1622610646733000,0,39.99651033,30.5500
1622610646733000,0,99.98823037,30.5500
1622610657659000,1,15.80000000,30.5300
1622610657659000,1,16.49106137,30.5300
1622610657659000,1,7.29574635,30.5300
1622610696557000,1,16.30000000,30.4900
1622610696597000,1,7.57003847,30.4800
1622610696846000,1,9.10000000,30.4800
1622610697385000,1,6.00096381,30.4800
1622610727374000,1,174.63890000,30.4500
1622610735763000,1,5.84802695,30.4300
1622610735763000,1,14.62006738,30.4300
1622610798499000,0,150.79300000,30.4500
1622610806305000,1,23.34355661,30.4400
1622610846219000,1,5.28280331,30.4500
1622610846219000,1,13.20769669,30.4500
1622610846511000,1,0.00009286,30.4500
1622610859019000,0,15.90000000,30.4400
1622610861151000,1,5.02550000,30.4400
1622610869231000,1,5.00097713,30.4400
1622610869231000,1,12.50232287,30.4400
1622610871229000,1,32.50858623,30.4300
1622610871229000,1,5.00097713,30.4300
1622610871229000,1,12.50223664,30.4300
1622610871461000,1,0.00020619,30.4300
1622610871461000,1,16.39979381,30.4200
1622610975961000,0,96.40800000,30.4900
1622610977935000,0,77.00000000,30.5100
1622610990022000,1,4.09511921,30.4800
1622610990022000,1,10.23778079,30.4800
1622611123003000,0,16.20000000,30.4600
1622611199112000,0,16.30000000,30.4800
1622611244121000,0,4.85055924,30.5300
1622611417524000,1,6.69614000,30.5100
1622611437686000,0,44.29870000,30.5100
1622611528013000,0,14.39000000,30.5300
1622611528432000,0,56.67900000,30.5300
1622611878415000,1,14.85196959,30.3800
1622611878438000,1,12.51778843,30.3800
1622611898441000,1,66.40320146,30.4000
1622611922356000,1,13.46877844,30.4300
1622611930763000,1,6.27093724,30.4200
1622611930763000,1,15.67726276,30.4200
1622611963947000,1,6.05962784,30.3800
1622611963947000,1,5.13931814,30.3800
1622611964028000,1,10.01054894,30.3800
1622612017939000,0,1.96381578,30.4000
1622612085388000,0,204.48700000,30.4000
1622612085388000,0,130.73700000,30.4000
1622612087026000,0,0.65417488,30.4200
1622612107463000,0,16.20000000,30.4200
1622612108675000,0,77.00000000,30.4300
1622612108811000,1,74.62880000,30.4200
1622612206888000,0,40.18318504,30.3900
1622612206888000,0,16.91681496,30.3900
1622612228634000,1,18.11425957,30.3900
1622612542397000,0,40.05493106,30.5000
1622612542397000,0,100.13427047,30.5000
1622612545445000,0,23.57000000,30.5400
1622612648267000,0,77.00000000,30.5700
1622612919357000,0,36.21675330,30.6300
1622612919414000,0,7.80376892,30.6300
1622612919443000,0,5.97643681,30.6300
1622612919480000,0,27.00304097,30.6300
1622612931263000,0,107.49466578,30.6600
1622612937040000,0,32.50533422,30.6600
1622612937040000,0,76.99999578,30.6600
1622612937114000,0,0.00000422,30.6600
1622612941341000,0,77.00000000,30.6700
1622612946692000,0,77.00000000,30.6800
1622612947952000,0,75.46000000,30.7000
1622612948106000,0,1.54000000,30.7000
1622612970341000,1,7.79676640,30.6500
1622612970341000,1,19.49190360,30.6500
1622612974237000,0,77.00000000,30.6700
1622613065893000,0,16.00000000,30.6800
1622613074273000,0,163.06760000,30.6800
1622613131369000,0,39.84305710,30.6700
1622613131369000,0,99.60462689,30.6700
1622613138222000,0,0.00001379,30.6800
1622613138222000,0,163.13266271,30.6800
1622613150878000,1,36.97000000,30.6800
1622613153556000,0,39.79814172,30.7000
1622613153556000,0,5.93965828,30.7000
1622613173373000,1,77.00000000,30.6900
1622613186981000,1,35.40000000,30.6800
1622613262098000,1,77.00000000,30.6600
1622613262098000,1,10.62575715,30.6600
1622613262098000,1,26.56439288,30.6600
1622613262098000,1,173.85881905,30.6500
1622613262098000,1,526.99258617,30.6500
1622613262588000,1,81.20000000,30.6500
1622613262620000,1,69.10044292,30.6400
1622613262680000,0,77.00000000,30.6500
1622613262847000,0,4.81863870,30.6500
1622613263265000,1,77.00000000,30.6400
1622613263265000,1,10.62575715,30.6400
1622613263265000,1,26.56439288,30.6400
1622613263538000,1,77.00000000,30.6400
1622613267383000,1,75.46000000,30.6300
1622613267384000,1,1.54000000,30.6300
1622613283845000,1,9.76245724,30.6200
1622613283845000,1,24.40693985,30.6200
1622613284391000,1,75.46000000,30.6200
1622613284423000,1,1.54000000,30.6200
1622613289998000,1,77.00000000,30.6100
1622613295323000,1,75.46000000,30.6100
1622613295433000,1,1.54000000,30.6100
1622613305379000,0,110.00000000,30.6300
1622613305391000,0,53.37695688,30.6300
1622613307409000,0,163.31000000,30.6400
1622613332098000,0,55.05000000,30.6900
1622613332129000,0,112.05904670,30.6900
1622613400559000,1,9.83034748,30.6500
1622613400559000,1,24.57586869,30.6500
1622613400559000,1,9.83207877,30.6400
1622613400559000,1,219.30284660,30.6400
1622613619996000,0,93.49886000,30.6800
1622613620548000,0,1.90000000,30.6800
1622613621725000,0,0.00814000,30.6800
1622613622162000,0,5.13587227,30.6900
1622613622236000,0,3.87742548,30.6900
1622613622243000,0,65.45294480,30.6900
1622613622252000,0,23.07434667,30.6900
1622613622252000,0,40.16635388,30.6900
1622613622253000,0,48.54369029,30.6900
1622613622271000,0,7.45436661,30.6900
1622613631952000,0,77.00000000,30.7400
1622613633502000,0,24.31536817,30.7800
1622613633701000,0,39.68082231,30.7800
1622613637317000,1,13.23207067,30.7300
1622613637317000,1,13.23207067,30.7300
1622613637317000,1,86.05265087,30.7300
1622613640572000,1,13.36900000,30.7400
1622613640697000,1,0.00005891,30.7400
1622613640697000,1,33.42264727,30.7400
1622613646958000,1,96.10000000,30.7200
1622613646983000,1,33.01189777,30.7200
1622613647318000,1,32.86468060,30.7100
1622613647318000,1,13.14587224,30.7100
1622613647318000,1,85.42802455,30.7100
1622613647318000,1,8.55442261,30.7100
1622613650689000,1,12.48691386,30.7200
1622613650689000,1,31.21718614,30.7200
1622613675265000,0,15.90000000,30.7800
1622613675265000,0,158.03987012,30.8000
1622613678796000,1,12.64889794,30.7700
1622613678796000,1,31.62210206,30.7700
1622613681393000,1,12.64889794,30.7600
1622613681393000,1,31.62224486,30.7600
1622613681393000,1,26.74495720,30.7600
1622613687824000,0,26.78951346,30.7900
1622613747692000,0,77.00000000,30.7400
1622613764919000,0,103.78930000,30.7400
1622613791563000,1,208.33000000,30.7500
1622613791593000,1,100.00000000,30.7500
1622613791686000,1,213.25929000,30.7500
1622613791772000,1,250.00000000,30.7500
1622613791848000,1,360.00000000,30.7500
1622613791934000,1,175.00000000,30.7500
1622613792018000,1,520.00000000,30.7500
1622613792100000,1,182.84142000,30.7500
1622613792277000,1,285.00000000,30.7500
1622613792358000,1,70.00000000,30.7500
1622613792656000,1,108.25929000,30.7500
1622613793685000,1,13.73000000,30.7400
1622613797236000,1,0.00998244,30.7400
1622613824799000,0,15.90000000,30.7500
1622613845445000,1,2713.75000000,30.6800
1622613845445000,1,17.82000000,30.6800
1622613988416000,1,45.55583309,30.6800
1622613988444000,1,20.00000000,30.6800
1622613988478000,1,13.56234237,30.6800
1622613988605000,0,33.90454578,30.6800
1622613989240000,0,33.90450000,30.6600
1622613998650000,0,16.00000000,30.6500
1622614011194000,0,15.90000000,30.6600
1622614038499000,0,156.86305000,30.6200
1622614181180000,0,16.00000000,30.5000
1622614185474000,0,15.90000000,30.5100
1622614196662000,0,23.70000000,30.5100
1622614235146000,1,77.00000000,30.6100
1622614243385000,1,77.00000000,30.5900
1622614318357000,1,77.00000000,30.6700
1622614318357000,1,179.70000000,30.6700
1622614318385000,1,0.00115000,30.6700
1622614323796000,1,16.00000000,30.6800
1622614323889000,1,47.82320000,30.6700
1622614326259000,1,13.17680000,30.6700
1622614337974000,1,4.70315264,30.6600
1622614338233000,1,0.09598271,30.6600
1622614384986000,0,15.90000000,30.6900
1622614394723000,0,15.80000000,30.6900
1622614437743000,0,140.27163000,30.7400
1622614453250000,1,12.83384501,30.7400
1622614453250000,1,32.08210843,30.7400
1622614453250000,1,83.41452656,30.7400
1622614453435000,1,0.00001345,30.7400
1622614676342000,0,16.20000000,30.7600
1622614808399000,0,162.76449000,30.7400
1622614843779000,1,31.69148000,30.6800
1622614843840000,1,12.67700635,30.6800
1622614850353000,1,46.03000000,30.6700
1622614852430000,1,11.51000000,30.6600
1622614852481000,1,65.49000000,30.6600
1622614855083000,1,77.00000000,30.6500
1622614923453000,0,16.00000000,30.6900
1622614988660000,1,12.41847805,30.6900
1622614988660000,1,31.04162195,30.6900
1622615000059000,1,12.41847805,30.6800
1622615000059000,1,31.04162195,30.6800
1622615000162000,1,0.00012477,30.6800
1622615000162000,1,80.73629576,30.6700
1622615000162000,1,64.06487947,30.6700
1622615002004000,0,50.00000000,30.6900
1622615052569000,0,16.10000000,30.6700
1622615110284000,0,49.99970000,30.6700
1622615112242000,0,98.95747000,30.6700
1622615132911000,0,16.00000000,30.6800
1622615132911000,0,104.00000000,30.6800
1622615145794000,0,145.00000000,30.6900
1622615146070000,0,42.50200000,30.6900
1622615146070000,0,119.87800000,30.6900
1622615245305000,0,18.00000000,30.6600
1622615469960000,0,16.10000000,30.5500
1622615753471000,0,16.30000000,30.5600
1622615893886000,0,33.19000000,30.5600
1622615972991000,1,8.80000000,30.5400
1622615973049000,1,1.20464790,30.5400
1622615973049000,1,25.01161976,30.5400
1622616002874000,1,29.37569603,30.5300
1622616047093000,1,15.90000000,30.4800
1622616047093000,1,77.00000000,30.4800
1622616047093000,1,8.69278888,30.4800
1622616082911000,1,16.00000000,30.4800
1622616098082000,1,9.80837795,30.4700
1622616098082000,1,24.52002205,30.4700
1622616114669000,1,9.64227487,30.4500
1622616114669000,1,17.02942513,30.4500
1622616182921000,0,77.00000000,30.4700
1622616206338000,0,77.00000000,30.4800
1622616319216000,0,77.00000000,30.5300
1622616535272000,1,168.16864390,30.4300
1622616535272000,1,65.03305332,30.4300
1622616535272000,1,10.00036272,30.4300
1622616535272000,1,25.00090680,30.4300
1622616535272000,1,77.00000000,30.4300
1622616541256000,1,23.77301490,30.4300
1622616541256000,1,9.50920596,30.4300
1622616541934000,1,23.77301490,30.4200
1622616541934000,1,9.50920596,30.4200
1622616543331000,1,9.50920596,30.4100
1622616543331000,1,23.77301490,30.4100
1622616548444000,1,23.07767826,30.4000
1622616548444000,1,9.23107131,30.4000
1622616548444000,1,87.79000000,30.3900
1622616548444000,1,53.84112055,30.3900
1622616548792000,1,20.80000000,30.3900
1622616565820000,0,49.20000000,30.4100
1622616565820000,0,104.79990000,30.4100
1622616567020000,0,50.92936827,30.4300
1622616567922000,0,15.51947840,30.4300
1622616568053000,0,12.35602932,30.4300
1622616568071000,0,181.97428011,30.4300
1622616590194000,0,16.30000000,30.4300
1622616593288000,1,85.06707196,30.4300
1622616818811000,0,164.39602800,30.4400
1622616818811000,0,76.99999200,30.4400
1622616836669000,0,15.90000000,30.4500
1622616841833000,0,20.00000000,30.4900
1622616842510000,0,41.09990000,30.5000
1622617371213000,0,32.72965879,30.4800
1622617516270000,0,16.10000000,30.5800
1622617516270000,0,77.00000000,30.5800
1622617525080000,1,17.54000000,30.5500
1622617525093000,1,15.30451718,30.5500
1622617547565000,0,16.30000000,30.5600
1622617547565000,0,77.00000000,30.5600
1622617547565000,0,77.00000000,30.5700
1622617547565000,0,1.96637226,30.5700
1622617548385000,0,15.90000000,30.5700
1622617571183000,1,100.14667000,30.5800
1622617571447000,1,0.00000893,30.5800
1622617575112000,0,16.30000000,30.5900
1622617575112000,0,163.60807962,30.5900
1622617575112000,0,35.19192038,30.5900
1622617610910000,1,10.43300314,30.5800
1622617610910000,1,26.08250785,30.5800
1622617610910000,1,77.00000000,30.5800
1622617641789000,1,10.22718773,30.5400
1622617641789000,1,25.56796932,30.5400
1622617662706000,1,10.05029299,30.5300
1622617662706000,1,25.12573248,30.5300
1622617662706000,1,77.00000000,30.5300
1622617663192000,1,77.00000000,30.5300
1622617674067000,1,77.00000000,30.5200
1622617674576000,1,77.00000000,30.5200
1622617696536000,0,125.75000000,30.5600
1622617703801000,1,24.55419729,30.5500
1622617703801000,1,9.81814464,30.5500
1622617718653000,0,238.19007866,30.6100
1622617719278000,0,21.06102201,30.6100
1622617719278000,0,77.00000000,30.6100
1622617744075000,1,105.45245468,30.5700
1622617744075000,1,168.17524532,30.5700
1622617823273000,1,33.02614378,30.6000
1622617825216000,0,16.30000000,30.6100
1622617826408000,0,75.46000000,30.6200
1622617826418000,0,1.54000000,30.6200
1622617844474000,0,15.90000000,30.6300
1622617856973000,0,77.00000000,30.6600
1622617856973000,0,163.21444000,30.6600
1622617867691000,0,77.00000000,30.6600
1622617882674000,1,15.30078359,30.6500
1622617882998000,1,33.87929550,30.6400
1622617888115000,0,99.47580000,30.6400
1622617888447000,0,0.00005000,30.6400
1622617901894000,0,16.10000000,30.6700
1622617901894000,0,66.49800000,30.6700
1622617903214000,1,32.27658000,30.6600
1622617926171000,1,77.00000000,30.7100
1622617927867000,1,32.87434895,30.7200
1622617931942000,1,13.53672058,30.7200
1622617931942000,1,33.84177942,30.7200
1622617931999000,1,0.00003477,30.7200
1622617939302000,1,13.06254001,30.7200
1622617939302000,1,32.65741277,30.7200
1622617975963000,1,77.00000000,30.7500
1622617975963000,1,12.82636743,30.7400
1622617975963000,1,32.06590257,30.7400
1622618017804000,0,50.21778689,30.7600
1622618017950000,0,112.60828523,30.7600
1622618053761000,1,12.88717727,30.7300
1622618053761000,1,32.22322273,30.7300
1622618058469000,0,159.48539627,30.7400
1622618067145000,1,12.66186846,30.7500
1622618067145000,1,31.65453154,30.7500
1622618067227000,1,0.00013960,30.7500
1622618132157000,0,13.23331638,30.7200
1622618141949000,1,77.00000000,30.7200
1622618143547000,0,39.70928129,30.7300
1622618143547000,0,99.26960871,30.7300
1622618143566000,0,0.00000155,30.7300
1622618211089000,1,84.68667437,30.8000
1622618211089000,1,9.50832563,30.8000
1622618211964000,0,67.05548345,30.8200
1622618219520000,0,77.00000000,30.8200
1622618227168000,0,75.46000000,30.8100
1622618227198000,0,1.54000000,30.8100
1622618233917000,1,31.42054677,30.7900
1622618235301000,0,44.70368327,30.7900
1622618236008000,0,140.00000000,30.7900
1622618236902000,0,77.00000000,30.8100
1622618237206000,0,75.46000000,30.8100
1622618242537000,0,75.46000000,30.8200
1622618252190000,0,170.19049558,30.8400
1622618252190000,0,16.89990442,30.8400
1622618289621000,0,8.58568009,30.8400
1622618313167000,0,7.96243661,30.8300
1622618313224000,0,18.63722248,30.8300
1622618313544000,0,15.80000000,30.8300
1622618338136000,0,163.11400000,30.8400
1622618338136000,0,15.90000000,30.8400
1622618338136000,0,14.17420000,30.8400
1622618339642000,0,29.18480000,30.8400
1622618354451000,1,32.33290070,30.8200
1622618355084000,1,32.25251000,30.8100
1622618359052000,0,16.20000000,30.8200
1622618403189000,1,10.77624107,30.8100
1622618403189000,1,26.94060267,30.8100
1622618462581000,0,16.10000000,30.8300
1622618462997000,0,4.86102338,30.8400
1622618463070000,0,31.38705180,30.8400
1622618595529000,0,118.74931358,30.8300
1622618595723000,0,16.76848459,30.8300
1622618649089000,0,139.22000000,30.8200
1622618655401000,0,146.08828215,30.8300
1622618655401000,0,53.91171785,30.8300
1622618675077000,0,53.91170000,30.8400
1622618727995000,1,10.49414068,30.7900
1622618727995000,1,26.23535169,30.7900
1622618727995000,1,77.00000000,30.7900
1622618728564000,1,77.00000000,30.7900
1622618729057000,1,77.00000000,30.7900
1622618729562000,1,77.00000000,30.7900
1622618736935000,1,77.00000000,30.7900
1622618737505000,1,174.79267743,30.7800
1622618737505000,1,77.00000000,30.7800
1622618745435000,1,77.00000000,30.7800
1622618757238000,1,10.32039855,30.7700
1622618757238000,1,25.80099639,30.7700
1622618780224000,0,162.81144607,30.7400
1622618793439000,1,10.15615948,30.7200
1622618811926000,1,77.00000000,30.7100
1622618817494000,0,162.87000000,30.7200
1622618817502000,0,0.00662843,30.7200
1622618824212000,0,162.87662843,30.7300
1622618842087000,1,77.00000000,30.7600
1622618844696000,1,65.62453478,30.7400
1622618844696000,1,10.09707112,30.7400
1622618844696000,1,25.24239410,30.7400
1622618855374000,0,1.48796356,30.7400
1622619024001000,0,39.66244000,30.7700
1622619024102000,0,0.00000418,30.7700
1622619151311000,0,77.00000000,30.8200
1622619153694000,1,515.03620000,30.8000
1622619156768000,0,77.00000000,30.8200
1622619156768000,0,162.35833581,30.8200
1622619171835000,0,77.00000000,30.8300
1622619173975000,0,99.08901184,30.8100
1622619173975000,0,39.63558816,30.8100
1622619177159000,0,257.55658000,30.8300
1622619178310000,0,0.00000757,30.8300
1622619180816000,0,77.00000000,30.8600
1622619184308000,0,77.00000000,30.8600
1622619184308000,0,162.20860525,30.8700
1622619184308000,0,164.78234931,30.8700
1622619184308000,0,528.64906360,30.8700
1622619274915000,0,162.01000000,30.8900
1622619279235000,0,7.26550000,30.9000
1622619284278000,0,9.10000000,30.9300
1622619284332000,0,30.38289981,30.9300
1622619287909000,1,77.00000000,30.9200
1622619302710000,1,77.00000000,30.9400
1622619461325000,0,3384.31000000,30.9800
1622619461325000,0,161.56879397,30.9800
1622619461419000,1,1360.00000000,30.9800
1622619461435000,1,161.56879397,30.9800
1622619461436000,1,77.00000000,30.9800
1622619461471000,1,103.55507507,30.9800
1622619463817000,0,10.00000000,31.0000
1622619479216000,1,77.00000000,30.9700
1622619491773000,1,77.00000000,30.9600
1622619496548000,1,77.00000000,30.9600
1622619511436000,0,39.47573000,30.9400
1622619513467000,0,39.47573312,30.9500
1622619513467000,0,45.52426688,30.9500
1622619513554000,0,53.16250273,30.9500
1622619515036000,0,30.84741216,30.9700
1622619515072000,0,67.83935745,30.9700
1622619515072000,0,39.47475324,30.9700
1622619658544000,1,72.92600670,31.0100
1622619658544000,1,1.04899330,31.0000
1622619659200000,1,176.87232225,31.0000
1622619659200000,1,57.15277775,31.0000
1622619704410000,0,2.31228478,31.1000
1622619704410000,0,200.76042522,31.1000
1622619704678000,0,2.31229407,31.1000
1622619704876000,0,77.00000000,31.0900
1622619706070000,0,61.05053996,31.1200
1622619901204000,0,138.05040000,31.1600
1622619941534000,1,11.88644000,31.0800
1622620211458000,1,77.00000000,31.0800
1622620211458000,1,22.88421904,31.0700
1622620215575000,1,22.88421000,31.0800
1622620225980000,0,160.88791000,31.0900
1622620241363000,1,3.49770000,31.0800
1622620249467000,1,0.00004774,31.0800
1622620313091000,1,73.50230000,31.0300
1622620343274000,1,9.96390164,31.0400
1622620350886000,1,9.31486354,31.0400
1622620350993000,1,9.31486000,31.0400
1622620357652000,1,8.77348318,31.0400
1622620357652000,1,21.81195129,31.0400
1622620358401000,1,56.70122000,31.0400
1622620370671000,1,5.30125571,31.0400
1622620376664000,1,5.30120000,31.0300
1622620377932000,0,7.75312103,31.0400
1622620377933000,0,11.62968154,31.0400
1622620378705000,1,7.75312103,31.0400
1622620378705000,1,50.39528668,31.0400
1622620383656000,1,6.37285000,31.0400
1622620383711000,1,0.00000049,31.0400
1622620407524000,1,64.73459036,31.0700
1622620408089000,1,13.59162815,31.0600
1622620408089000,1,34.60837185,31.0600
1622620408316000,1,0.72986134,31.0600
1622620408316000,1,4.95013866,31.0600
1622620428729000,0,205.00000000,31.0800
1622620428821000,0,257.08300000,31.0800
1622620434747000,1,12.96853044,31.0600
1622620434747000,1,5.18776956,31.0600
1622620434849000,1,0.00003453,31.0600
1622620434849000,1,33.71817915,31.0500
1622620437395000,1,4.72280000,31.0500
1622620437875000,1,0.00008271,31.0500
1622620447853000,1,4.43874649,31.0500
1622620447853000,1,3.69865351,31.0500
1622620448017000,1,7.39821272,31.0500
1622620448017000,1,8.13738728,31.0500
1622620456145000,1,28.07787264,31.0500
1622620456145000,1,4.32042357,31.0400
1622620456145000,1,10.79918179,31.0400
1622620462444000,1,3.90774623,31.0400
1622620466534000,1,3.88924180,31.0400
1622620466534000,1,9.72310450,31.0400
1622620468601000,1,3.88856582,31.0300
1622620468601000,1,9.72141456,31.0300
1622620468601000,1,18.65777052,31.0300
1622620469206000,1,10.95252263,31.0300
1622620473667000,1,3.74254136,31.0400
1622620474754000,1,24.32651883,31.0400
1622620474754000,1,3.74254136,31.0300
1622620474754000,1,77.00000000,31.0300
1622620482071000,1,3.07056249,31.0200
1622620482071000,1,19.95865618,31.0200
1622620482071000,1,7.67640622,31.0200
1622620511806000,1,64.26976518,31.0300
1622620532533000,1,2.28068561,31.0600
1622620532533000,1,5.70170439,31.0600
1622620532650000,1,0.00000965,31.0600
1622620535245000,1,5.67865485,31.0400
1622620535245000,1,1.42055300,31.0400
1622620535245000,1,1.42229215,31.0400
1622620536278000,1,0.00020082,31.0400
1622620536964000,1,1.42241152,31.0300
1622620578164000,1,6.68991900,30.9800
1622620578176000,1,70.31008100,30.9800
1622620805586000,0,15.60000000,31.0200
1622620813157000,0,15.90000000,31.0400
1622620815991000,0,77.00000000,31.0600
1622620816899000,1,116.84840000,31.0600
1622620822038000,0,77.00000000,31.0800
1622620846816000,0,0.00000931,31.0900
1622620846816000,0,76.99999069,31.0900
1622620900381000,0,160.59671650,31.1600
1622620900381000,0,15.79999350,31.1600
1622620900683000,0,0.00000650,31.1600
1622620900683000,0,160.59671650,31.1600
1622620900683000,0,160.56247401,31.1700
1622620900898000,0,15.60000000,31.1700
1622620903950000,1,15.70000000,31.1200
1622620904556000,1,11.19783844,31.1000
1622620904557000,1,11.19783844,31.1000
1622620904578000,1,54.60432312,31.1000
1622620932876000,0,47.20039248,31.0900
1622620932955000,0,11.96658690,31.0900
1622620933366000,0,15.24172105,31.0900
1622620933572000,0,7.04127453,31.0900
1622620944596000,1,75.46000000,31.1000
1622620944646000,1,1.54000000,31.1000
1622621017176000,1,16.00000000,31.0300
1622621019972000,1,5.96948313,31.0200
1622621042985000,0,120.06300000,31.0400
1622621047185000,0,161.15871434,31.0600
1622621047185000,0,19.00822864,31.0600
1622621047206000,0,3.66275754,31.0600
1622621047206000,0,46.00000000,31.0600
1622621047417000,0,451.66800000,31.0700
1622621059016000,1,77.00000000,31.1000
1622621263584000,1,31.41538858,30.9600
1622621263639000,1,13.30000000,30.9600
1622621266283000,1,32.28461142,30.9600
1622621268877000,1,47.68374394,30.9600
1622621270190000,1,16.10000000,30.9400
1622621270288000,1,21.41067046,30.9400
1622621270291000,1,39.48932954,30.9400
1622621318377000,1,75.46000000,30.9300
1622621327706000,1,1.50920000,30.9300
1622621330273000,1,15.90000000,30.9400
1622621355075000,0,69.22500000,30.9400
1622621355326000,0,2.35637963,30.9500
1622621358050000,0,13.74362000,30.9500
1622621359129000,0,107.14221000,30.9600
1622621382533000,0,25.48273420,30.9600
1622621382556000,0,0.52005580,30.9600
1622621650109000,0,75.18658000,30.8800
1622621650159000,0,1.53442000,30.8800
1622621708701000,1,2.06470882,30.8600
1622621708701000,1,5.16119118,30.8600
1622621778038000,1,2.40418554,30.8600
1622621778038000,1,6.01011446,30.8600
1622621778195000,1,0.00015469,30.8600
1622621778195000,1,15.62669978,30.8600
1622621778195000,1,47.21825505,30.8500
1622621827390000,1,2.00000000,30.8600
1622621879222000,0,90.00000000,30.8900
1622621881192000,1,2.35353365,30.8800
1622621881192000,1,5.88383412,30.8800
1622621881228000,1,0.00000001,30.8800
1622621881578000,1,15.30120000,30.8700
1622621882990000,1,5.88383413,30.8600
1622621882990000,1,2.35353365,30.8600
1622621884331000,1,2.35353365,30.8500
1622621884331000,1,5.88376635,30.8500
1622621885306000,1,2.09140000,30.8500
1622621886753000,1,5.22860254,30.8400
1622621886753000,1,2.09144102,30.8400
1622621890997000,1,1.96190000,30.8500
1622621943785000,0,309.74100000,30.8800
1622621943785000,0,152.55900000,30.8800
1622621945651000,0,77.00000000,30.9000
1622621948132000,1,1.94823494,30.9100
1622621949253000,1,325.27710000,30.9000
1622621980423000,0,4.04433656,30.9000
1622622065847000,0,4.04430000,30.8700
1622622162144000,0,6.07256235,30.8700
1622622250748000,0,220.00000000,30.8500
1622622251205000,0,17.76800000,30.8500
1622622251205000,0,6.05249017,30.8500
1622622251209000,0,51.65097335,30.8500
1622622251277000,0,25.83653648,30.8500
1622622287753000,1,209.25990000,30.8000
1622622317393000,1,77.00000000,30.8400
1622622391521000,0,15.56558098,30.8500
1622622391683000,0,18.06047791,30.8500
1622622433214000,0,16.10000000,30.8100
1622622506680000,0,0.79960160,30.8300
1622622518250000,1,0.00000389,30.8000
1622622518250000,1,17.57684181,30.8000
1622622518555000,1,8.75150041,30.8000
1622622518555000,1,3.50159959,30.8000
1622622518704000,1,0.00004567,30.8000
1622622518734000,1,22.76460000,30.7900
1622622627732000,0,0.01631840,30.8300
1622622627732000,0,199.88100000,30.8300
1622622627732000,0,121.23821363,30.8300
1622622627897000,1,3.32494259,30.8200
1622622629504000,1,3.32498573,30.8200
1622622629504000,1,8.31160165,30.8200
1622622631810000,0,6.42271064,30.8300
1622622634763000,1,22.40990000,30.8200
1622622635530000,0,0.13107573,30.8300
1622622635530000,0,33.29151502,30.8300
1622622655992000,0,11.10360000,30.8400
1622622691582000,0,75.46000000,30.8200
1622622691592000,0,1.54000000,30.8200
1622622709063000,0,169.68563192,30.8300
1622622709063000,0,16.10000000,30.8300
1622622711204000,1,18.61527000,30.8300
1622622711400000,1,0.00000628,30.8300
1622622766411000,0,4.52480000,30.8200
1622622926667000,0,72.47520000,30.8400
1622622928524000,0,58.36480000,30.8400
1622622932722000,0,9.70797156,30.8600
1622622932891000,0,28.78190829,30.8600
1622622935259000,0,25.21000000,30.8600
1622622937453000,0,7.29300000,30.8600
1622622942761000,0,34.24100000,30.8600
1622622942986000,0,5.82971573,30.8600
1622622943424000,0,29.85900000,30.8600
1622622943600000,0,63.72440442,30.8600
1622623083793000,0,5.22147999,30.8700
1622623083849000,0,0.00000001,30.8700
1622623124805000,0,235.71940000,30.9400
1622623125588000,0,4.71438800,30.9400
1622623140478000,0,0.09621200,30.9400
1622623140478000,0,118.46999800,30.9400
1622623144496000,0,0.00000200,30.9400
1622623165167000,0,75.46000000,30.9500
1622623290124000,0,75.46000000,30.9300
1622623398585000,0,75.46000000,30.9400
1622623398609000,0,1.54000000,30.9400
1622623404823000,0,15.80000000,30.9900
1622623410127000,0,39.34037951,30.9900
1622623495131000,0,21.85970000,30.9600
1622623539031000,1,15.80000000,30.9600
1622623566255000,1,8.99620000,30.9700
1622623566420000,1,0.00000934,30.9700
1622623585885000,0,5.02096000,31.0000
1622623585885000,0,119.97904000,31.0000
1622623586001000,0,1.89821440,31.0000
1622623586176000,0,73.84036000,31.0000
1622623586260000,0,90.00000000,31.0000
1622623586348000,0,6.37338000,31.0000
1622623586454000,0,16.55700560,31.0000
1622623586454000,0,34.60263440,31.0000
1622623586681000,0,1.54587958,31.0000
1622623586747000,0,72.29448602,31.0000
1622623689326000,0,5.61633000,31.0200
1622623698781000,1,49.22875792,31.0100
1622623698781000,1,7.57448886,31.0100
1622623698781000,1,18.93852322,31.0100
1622623800539000,0,1.94529745,30.9900
1622623891388000,1,75.46000000,30.9500
1622623912982000,1,7.65526379,30.9200
1622623912982000,1,12.72645919,30.9200
1622623912987000,1,6.41170028,30.9200
1622623912987000,1,20.38172298,30.9200
1622623935584000,1,3.49300000,30.8800
1622623936032000,1,8.67325233,30.8800
1622623936236000,1,46.30000000,30.8800
1622623954678000,1,75.46000000,30.9000
1622624006663000,0,5.81140000,30.9200
1622624007090000,0,0.11860000,30.9200
1622624054039000,1,77.00000000,30.9300
1622624082070000,0,439.87200000,30.9400
1622624082070000,0,144.20800000,30.9400
1622624082154000,0,72.44500000,30.9400
1622624131700000,1,18.45196344,30.9600
1622624131700000,1,7.38063656,30.9600
1622624131889000,1,18.45720866,30.9500
1622624131889000,1,7.38078538,30.9500
1622624136354000,1,7.12360000,30.9500
1622624178218000,1,7.08393643,30.9700
1622624178218000,1,17.70976357,30.9700
1622624178767000,1,46.04294353,30.9600
1622624178767000,1,17.70984108,30.9600
1622624178767000,1,7.08381539,30.9600
1622624182177000,0,77.00000000,30.9800
1622624183369000,1,6.60610000,30.9600
1622624185171000,1,0.00009574,30.9600
1622624185171000,1,42.73350426,30.9600
1622624185752000,1,16.43570530,30.9600
1622624185752000,1,9.56849470,30.9600
1622624187194000,0,75.46000000,30.9900
1622624188678000,0,1.50920000,30.9900
1622624200123000,0,16.00000000,31.0300
1622624200428000,0,28.43160000,31.0300
1622624202605000,0,75.46000000,31.0500
1622624281616000,1,8.10411670,31.0100
1622624281616000,1,7.55474061,31.0100
1622624356289000,0,5.62504000,31.0400
1622624356289000,0,191.23566000,31.0400
1622624356536000,0,42.67234000,31.0400
1622624356536000,0,32.32766000,31.0400
1622624356542000,0,4.58371275,31.0400
1622624356552000,0,45.27262725,31.0400
1622624717437000,1,77.00000000,30.9600
1622624842539000,0,39.40999999,31.0300
1622624842850000,0,140.00000000,31.0300
1622624842947000,0,8.02600001,31.0300
1622624842947000,0,119.83600000,31.0300
1622624846037000,1,16.00000000,31.0200
1622624846700000,1,60.99990000,31.0100
1622624868955000,0,9.79308120,31.0500
1622624940896000,0,162.50700000,30.9900
1622624940896000,0,98.56892000,30.9900
1622624940897000,0,5.32808000,30.9900
1622624940897000,0,77.00000000,30.9900
1622624966682000,1,8.71833951,30.9700
1622624980981000,0,77.00000000,30.9800
1622624989896000,1,77.00000000,30.9500
1622624990015000,1,14.28294323,30.9400
1622624990015000,1,35.70747449,30.9400
1622625002029000,1,16.10000000,30.9200
1622625018614000,1,48.83300746,30.9300
1622625075741000,1,15.90000000,30.9500
1622625104511000,1,15.80000000,30.9100
1622625110482000,1,100.00000000,30.9000
1622625110482000,1,15.90000000,30.9000
1622625110723000,1,10.23300000,30.8900
1622625200684000,1,77.00000000,30.9200
1622625207140000,1,16.00000000,30.9100
1622625211027000,1,16.00000000,30.9000
1622625211315000,1,35.24191607,30.8900
1622625211315000,1,9.75808393,30.8900
1622625282317000,0,195.87900000,30.9100
1622625282317000,0,63.52798000,30.9100
1622625283625000,1,13.73494976,30.9000
1622625283625000,1,34.33851024,30.9000
1622625296477000,0,5.18813960,30.9100
1622625344298000,1,7.71249731,30.8300
1622625344467000,1,23.32141543,30.8300
1622625368651000,1,49.37761152,30.8100
1622625368657000,1,8.13209936,30.8100
1622625368862000,1,9.09999999,30.8100
1622625369170000,1,5.87486579,30.8100
1622625372236000,1,23.36139998,30.7900
1622625392479000,1,77.00000000,30.7300
1622625400401000,1,77.00000000,30.7400
1622625400423000,1,12.44682652,30.7300
1622625400423000,1,31.11605417,30.7300
1622625405515000,1,77.00000000,30.7200
1622625465483000,1,16.00000000,30.7400
1622625522723000,0,6.19741000,30.7700
1622625546450000,1,12.35281759,30.7900
1622625546450000,1,30.88198241,30.7900
1622625549533000,0,184.62200000,30.8000
1622625549533000,0,49.07600000,30.8000
1622625550247000,1,12.13474961,30.7900
1622625550451000,1,78.87620000,30.7900
1622625550712000,1,30.33588911,30.7900
1622625550712000,1,16.10000000,30.7800
1622625550712000,1,76.46711089,30.7800
1622625551055000,1,30.33590000,30.7800
1622625556850000,0,77.00000000,30.8200
1622625583007000,1,17.60000000,30.8100
1622625604379000,0,70.00000000,30.8100
1622625604490000,0,6.99999999,30.8100
1622625604509000,0,0.00000001,30.8100
1622625724252000,1,15.80000000,30.8000
1622625765841000,1,16.10000000,30.7800
1622625781059000,1,15.90000000,30.7600
1622625844940000,1,11.51027000,30.7200
1622625845408000,1,0.00000427,30.7200
1622625846126000,0,153.99990000,30.7300
1622625871611000,1,64.34646046,30.7400
1622625901666000,0,170.00000000,30.7500
1622625901772000,0,5.97521654,30.7500
1622625901844000,0,54.34578346,30.7500
1622625901844000,0,113.44100000,30.7500
1622625903175000,1,64.34640000,30.7600
1622625981109000,0,3.98661000,30.8000
1622626090120000,0,4.13365000,30.8100
1622626144118000,1,12.98558407,30.8000
1622626246604000,1,11.62863000,30.8300
1622626445097000,0,409.76544000,30.7000
1622626445202000,0,8.36256000,30.7000
1622626453618000,0,95.78605021,30.7000
1622626460688000,0,88.95657458,30.7000
1622626460689000,0,21.20137521,30.7000
1622626470920000,1,4.59041456,30.6900
1622626470928000,1,72.40958544,30.6900
1622626552087000,1,16.00000000,30.7300
1622626552152000,1,60.99990000,30.7200
1622626563482000,1,16.00000000,30.7200
1622626618097000,1,16.20000000,30.6800
1622626618128000,1,64.99999999,30.6800
1622626618129000,1,12.00000001,30.6800
1622626728657000,1,16.20000000,30.7000
1622626728657000,1,77.00000000,30.7000
1622626728657000,1,80.00000000,30.6900
1622626728657000,1,81.09207544,30.6900
1622626728657000,1,12.47515176,30.6900
1622626728657000,1,31.18787940,30.6900
1622626728657000,1,165.27453797,30.6800
1622626728657000,1,350.75996962,30.6800
1622626728963000,1,16.10000000,30.6900
1622626729253000,1,16.10000000,30.6900
1622626729966000,1,77.00000000,30.7100
1622626729984000,1,85.84348861,30.7100
1622626733365000,0,204.35100000,30.7300
1622626738636000,0,5.68378000,30.7500
1622626756904000,1,16.10000000,30.7500
1622626765120000,0,39.55216728,30.7800
1622626765120000,0,98.87744664,30.7800
1622626765120000,0,54.32100000,30.7800
1622626765120000,0,77.00000000,30.7800
1622626826387000,1,15.80000000,30.7400
1622626826387000,1,210.98760000,30.7400
1622626826627000,1,90.00000000,30.7400
1622626826788000,1,100.00000000,30.7400
1622626826902000,1,90.00000000,30.7400
1622626827016000,1,115.00000000,30.7400
1622626827060000,1,49.75008119,30.7400
1622626827127000,1,325.40480000,30.7400
1622626827224000,1,101.73551839,30.7400
1622626827240000,1,15.80000000,30.7400
1622626827368000,1,59.50200042,30.7400
1622626861190000,1,13.36801460,30.6800
1622626861233000,1,23.79904477,30.6800
1622626861384000,1,23.83294063,30.6800
1622626869100000,0,39.68040000,30.6800
1622626875743000,0,78.36310000,30.6900
1622626994654000,0,3.45890000,30.7100
1622626994654000,0,12.26325458,30.7200
1622627034984000,1,31.20000000,30.7300
1622627036303000,1,35.50000000,30.7200
1622627036632000,1,22.40310335,30.7100
1622627089292000,1,12.39784683,30.6700
1622627089292000,1,30.99239471,30.6700
1622627089292000,1,80.58063421,30.6700
1622627089559000,1,12.40079819,30.6600
1622627089559000,1,80.60770467,30.6600
1622627089559000,1,30.58287317,30.6600
1622627089992000,1,12.40079819,30.6500
1622627090934000,1,34.44815071,30.6400
1622627090952000,1,42.55184929,30.6400
1622627166693000,1,49.27670103,30.6300
1622627166731000,1,27.72329897,30.6300
1622627166731000,1,10.84659794,30.6300
1622627166988000,1,13.63450221,30.6200
1622627167078000,1,22.05385458,30.6200
1622627202767000,1,75.46000000,30.6700
1622627202798000,1,1.54000000,30.6700
1622627247842000,1,16.20000000,30.7100
1622627248354000,1,15.90000000,30.6900
1622627248356000,1,31.33057912,30.6900
1622627248356000,1,12.53223165,30.6900
1622627250055000,1,15.80000000,30.6800
1622627254484000,1,12.53223165,30.6700
1622627254484000,1,31.33057912,30.6700
1622627254484000,1,16.20000000,30.6700
1622627254484000,1,80.10648923,30.6700
1622627254800000,1,0.00012442,30.6700
1622627254800000,1,15.99997558,30.6700
1622627264440000,1,11.70229746,30.6800
1622627264440000,1,23.25400254,30.6800
1622627313240000,0,77.00000000,30.6500
1622627380703000,0,76.99990000,30.6500
1622627380913000,0,79.64310000,30.6500
1622627385351000,0,445.83000000,30.6700
1622627428601000,1,15.90000000,30.6000
1622627429435000,1,13.78778046,30.5800
1622627429635000,1,2.51221954,30.5800
1622627570004000,1,9.73282099,30.5400
1622627590373000,1,77.00000000,30.5400
1622627595481000,1,77.00000000,30.5400
1622627595481000,1,8.06263210,30.5300
1622627595481000,1,87.20374016,30.5200
1622627598546000,0,5.92732000,30.5600
1622627645258000,0,125.00000000,30.5800
1622627645339000,0,115.82600000,30.5800
1622627650791000,0,24.69363421,30.6000
1622627650873000,0,39.32336579,30.6000
1622627738909000,1,14.29060000,30.5500
1622627745421000,1,14.13885953,30.5400
1622627745421000,1,1.58329505,30.5300
1622627811998000,1,139.70940000,30.5800
1622627922282000,0,64.89400358,30.6000
1622628255211000,1,101.26852000,30.5000
1622628255232000,1,0.00000459,30.5000
1622628280348000,0,64.89400000,30.5000
1622628284114000,0,218.80800000,30.5000
1622628320857000,1,30.40606722,30.4800
1622628320860000,1,102.77474313,30.4800
1622628338938000,1,157.62854621,30.4600
1622628339156000,1,10.17956716,30.4500
1622628339215000,1,19.06664924,30.4500
1622628339215000,1,8.59735076,30.4500
1622628339228000,1,3.10113580,30.4500
1622628375722000,0,187.84754000,30.5300
1622628375842000,0,230.00000000,30.5300
1622628378358000,0,158.15346000,30.5300
1622628407857000,0,75.46000000,30.5000
1622628422243000,0,75.46000000,30.5100
1622628505143000,1,12.15906000,30.4800
1622628523909000,0,81.80000000,30.5000
1622628527868000,0,39.91030000,30.5100
1622628572353000,0,39.19352350,30.5200
1622628572492000,0,35.06707093,30.5200
1622628575739000,0,100.15101337,30.5200
1622628575787000,0,104.90239220,30.5200
1622628575787000,0,98.13700000,30.5200
1622628650234000,0,17.05070000,30.5300
1622628697759000,1,10.19474000,30.4800
1622628698682000,1,9.95779394,30.4700
1622628699345000,1,3.46532185,30.4600
1622628703029000,1,21.99919457,30.4600
1622628703029000,1,8.79966543,30.4600
1622628711383000,1,7.39025846,30.4600
1622628711538000,1,1.83771465,30.4500
1622628711538000,1,1.83778308,30.4500
1622628711538000,1,10.45450227,30.4500
1622628733447000,0,15.86321872,30.4800
1622628733448000,0,6.34500199,30.4800
1622628737125000,1,1.98450127,30.4800
1622628737125000,1,17.07056873,30.4800
1622628751037000,1,5.31811000,30.4800
1622628764160000,1,5.23795000,30.4800
1622628765891000,1,5.21164000,30.4800
1622628852775000,0,144.84600000,30.4800
1622628865608000,1,5.35829323,30.4400
1622628865608000,1,1.71705299,30.4400
1622628865630000,1,11.68356437,30.4400
1622628878001000,1,11.77827417,30.4400
1622628878001000,1,4.70968630,30.4400
1622628878074000,1,0.00000001,30.4400
1622628981763000,0,8.00130244,30.5000
1622628981852000,0,80.00000000,30.5000
1622628982014000,0,3.60000000,30.5000
1622628982506000,0,70.00000000,30.5000
1622628982610000,0,85.00000000,30.5000
1622628982624000,0,24.25434284,30.5000
1622628982759000,0,23.22635472,30.5000
1622628982759000,0,39.93031436,30.5000
1622629002682000,0,5.51213000,30.5100
1622629010900000,1,163.79960000,30.5000
1622629061141000,0,77.00000000,30.4900
1622629067121000,1,70.00000000,30.4900
1622629067243000,1,93.94736000,30.4900
1622629078727000,1,0.00000153,30.4900
1622629082520000,0,77.00000000,30.4800
1622629187532000,0,94.40900000,30.5000
1622629275941000,0,9.45580858,30.5000
1622629301798000,1,163.76768000,30.5100
1622629318251000,1,0.00000462,30.5100
1622629318251000,1,11.38918538,30.5100
1622629320006000,1,0.00000571,30.5100
1622629439890000,0,10.01633000,30.5200
1622629439890000,0,49.57467000,30.5200
1622629440083000,0,437.10333000,30.5200
1622629475397000,1,7.81597000,30.4800
1622629482088000,1,5.77611827,30.4800
1622629482199000,1,0.00000001,30.4800
1622629482463000,1,14.43997452,30.4700
1622629482964000,1,5.99099609,30.4600
1622629510237000,0,39.94105974,30.4900
1622629510237000,0,99.85263026,30.4900
1622629510323000,0,0.00001910,30.4900
1622629511846000,0,17.37891973,30.5000
1622629511849000,0,16.71174483,30.5000
1622629511849000,0,225.53179069,30.5000
1622629511849000,0,11.51900000,30.5000
1622629511849000,0,39.94105974,30.5000
1622629511849000,0,99.85264936,30.5000
1622629512235000,0,121.17142985,30.5100
