timestamp ms,type,amount,price
1628121727538000,1,227.23900000,24.0800
1628121728326000,1,7.97064298,24.0700
1628121755777000,0,49.15246681,24.0900
1628121755777000,0,207.73063319,24.0900
1628121760243000,1,145.28400000,24.0700
1628121760477000,1,8.16910000,24.0600
1628121927838000,1,2.00000000,24.2100
1628121932929000,0,440.00000000,24.2300
1628122355880000,1,150.85800000,24.2800
1628122526650000,1,96.45000000,24.2800
1628122530865000,1,10.51033109,24.2600
1628122572260000,1,4.43600000,24.2300
1628122577615000,1,5.10100000,24.2200
1628122734605000,0,110.00000000,24.1500
1628122734605000,0,140.00000000,24.1500
1628122744698000,0,67.20628845,24.1500
1628122744698000,0,110.00000000,24.1500
1628122744698000,0,72.79371155,24.1500
1628122745860000,0,207.20628000,24.1500
1628122785180000,1,206.22363000,24.2000
1628122785329000,1,43.77630000,24.2000
1628122785422000,1,0.00007000,24.2000
1628122786582000,1,8.80000000,24.1700
1628122797087000,1,8.19000000,24.1700
1628122798950000,1,10.71800000,24.1600
1628122800273000,1,6.60000000,24.1500
1628122800759000,1,1.79200000,24.1500
1628122976742000,1,9.70000000,24.1600
1628122976742000,1,81.20800000,24.1600
1628122977269000,1,9.90000000,24.1500
1628122977981000,1,231.13100000,24.1400
1628122977981000,1,9.83596188,24.1400
1628122982057000,1,147.88897926,24.1300
1628122982057000,1,9.83596188,24.1300
1628122982614000,1,153.58392922,24.1200
1628122982614000,1,24.36961582,24.1200
1628122982614000,1,9.74994665,24.1200
1628123052495000,1,10.20000000,24.0900
1628123264771000,1,9.80000000,24.0800
1628123525155000,0,151.08960000,24.1500
1628123548876000,1,20.00000000,24.1300
1628123549236000,1,233.66000000,24.1300
1628123578666000,1,67.42800000,24.1100
1628123588529000,1,10.30000000,24.0900
1628123754943000,1,9.73572867,24.1100
1628123754951000,1,0.00000001,24.1100
1628123805863000,1,9.67789000,24.1300
1628123972280000,0,42.52000000,24.1500
1628124072948000,1,10.63172000,24.1800
1628124144787000,1,9.70000000,24.1400
1628124144787000,1,0.30000000,24.1400
1628124144787000,1,171.36900000,24.1400
1628124171486000,1,84.55300000,24.1100
1628124387181000,0,49.03644382,24.1500
1628124387220000,0,49.02340000,24.1600
1628124387274000,0,0.00004629,24.1600
1628124387446000,0,318.63922537,24.1700
1628124387446000,0,49.02507060,24.1700
1628124510566000,1,12.66855000,24.1500
1628124599512000,1,12.58420000,24.0700
1628124599569000,1,0.00000423,24.0700
1628124623551000,0,1.23910336,24.0900
1628124628366000,1,12.39483565,24.0700
1628124628366000,1,25.14987383,24.0600
1628124733392000,1,81.72184000,24.0600
1628124735409000,1,101.14615999,24.0600
1628124744456000,1,0.00000001,24.0600
1628124744456000,1,12.30354999,24.0500
1628124815112000,1,10.10000000,24.0500
1628124816256000,1,116.91500000,24.0400
1628124925939000,0,49.29455000,24.0200
1628124926047000,0,0.00000324,24.0200
1628124962485000,1,10.00000000,24.0000
1628124986997000,1,2.08222036,23.9600
1628124986997000,1,2.08217964,23.9600
1628124987184000,1,0.00004072,23.9600
1628124991430000,0,10.00000000,23.9600
1628125058698000,1,2.08570000,23.9200
1628125060043000,1,0.00000234,23.9200
1628125099712000,1,2.08744769,23.9000
1628125101396000,1,6.99497381,23.8900
1628125101398000,1,5.44742784,23.8900
1628125101509000,1,80.87805831,23.8800
1628125101509000,1,31.11485497,23.8800
1628125101677000,1,12.44823387,23.8800
1628125102254000,1,2.09007120,23.8700
1628125102259000,1,0.00000001,23.8700
1628125102561000,1,12.44823387,23.8600
1628125102561000,1,31.13213475,23.8600
1628125102561000,1,9.79993138,23.8600
1628125116332000,1,2.09270134,23.8400
1628125151335000,1,25.07824034,23.8300
1628125151335000,1,110.00000000,23.8300
1628125151335000,1,10.00000000,23.8300
1628125151335000,1,10.03070716,23.8300
1628125151335000,1,110.00000000,23.8200
1628125151335000,1,176.85700000,23.8200
1628125151335000,1,165.48333506,23.8200
1628125215598000,1,9.84970000,23.8500
1628125302452000,0,440.00000000,23.8800
1628125302466000,0,440.00000000,23.8800
1628125334157000,1,160.00000000,23.8400
1628125334214000,1,155.95400000,23.8400
1628125335122000,1,9.76330000,23.8200
1628125364084000,1,100.00000000,23.8100
1628125364743000,1,11.01100000,23.8100
1628125369396000,1,2.09798149,23.7800
1628125369396000,1,9.72921851,23.7800
1628125369721000,1,9.72930000,23.7700
1628125371618000,1,2.10060000,23.7500
1628125372986000,1,0.00003157,23.7500
1628125375070000,1,2.10240000,23.7300
1628125375355000,1,0.00000202,23.7300
1628125375355000,1,2.10319798,23.7200
1628125377557000,1,0.00009038,23.7200
1628125379467000,1,18.21714006,23.6800
1628125379630000,1,8.26740000,23.6800
1628125390690000,1,2.10951374,23.6500
1628125399872000,0,50.04806464,23.6600
1628125405723000,1,10.40000000,23.6500
1628125411638000,0,50.00197000,23.6800
1628125412546000,0,49.98170000,23.6900
1628125426522000,1,10.20000000,23.6900
1628125451922000,1,9.90000000,23.6900
1628125457773000,1,10.00000000,23.6600
1628125457773000,1,8.94524110,23.6600
1628125457773000,1,22.36461384,23.6600
1628125499539000,1,10.40000000,23.6600
1628125500061000,1,9.90000000,23.6500
1628125511907000,0,9.49239864,23.6800
1628125528057000,1,8.79756000,23.6500
1628125572400000,1,10.30000000,23.6500
1628125573388000,1,1.43000000,23.6300
1628125576623000,1,21.88894209,23.6200
1628125576623000,1,8.75386791,23.6200
1628125576737000,1,0.00000637,23.6200
1628125576789000,1,56.95823510,23.6100
1628125576789000,1,9.99999490,23.6100
1628125586057000,1,1.00000000,23.6000
1628125586057000,1,7.11885629,23.5900
1628125586057000,1,3.28114371,23.5900
1628125589916000,1,2.11577607,23.5800
1628125589919000,1,0.00000001,23.5800
1628125592567000,1,10.20000000,23.5600
1628125600590000,0,50.24840000,23.5600
1628125600761000,0,0.00005513,23.5600
1628125604150000,0,50.19260000,23.5900
1628125624356000,0,125.23933811,23.6400
1628125624356000,0,50.08596542,23.6400
1628125636737000,1,264.30600000,23.6300
1628125644074000,1,10.40000000,23.6300
1628125644074000,1,70.25800000,23.6300
1628125666922000,1,9.50335000,23.6500
1628125671023000,1,9.45695000,23.6400
1628125675739000,1,9.45695000,23.6200
1628125705247000,1,9.36300866,23.6400
1628125832885000,1,9.32614000,23.6200
1628125845229000,0,3.71319796,23.6400
1628125914766000,0,440.00000000,23.6500
1628125993831000,0,24.75021097,23.7000
1628125996596000,0,49.98419187,23.6900
1628125996596000,0,10.00000000,23.6900
1628126031397000,1,10.30000000,23.6600
1628126031397000,1,8.35500000,23.6600
1628126134438000,1,210.83340000,23.7000
1628126194444000,0,1.46262073,23.7500
1628126200240000,0,0.65315534,23.7500
1628126211907000,1,10.30000000,23.7500
1628126242664000,1,10.00000000,23.7600
1628126242664000,1,197.12200000,23.7600
1628126244082000,1,7.78500000,23.7500
1628126317906000,1,10.20000000,23.7600
1628126318119000,1,7.93900000,23.7700
1628126318513000,1,7.34500000,23.7600
1628126323648000,1,10.50000000,23.7500
1628126323648000,1,6.75100000,23.7500
1628126324331000,1,126.02800000,23.7400
1628126354508000,1,10.40000000,23.7600
1628126393529000,1,9.90000000,23.7400
1628126439403000,1,9.90000000,23.7800
1628126477312000,1,10.30000000,23.7800
1628126504609000,1,10.40000000,23.7900
1628126581113000,1,10.10000000,23.7900
1628126585921000,1,10.10000000,23.7800
1628126587829000,1,10.10000000,23.7700
1628126596748000,0,1.88790931,23.8200
1628126693273000,1,4.23700000,23.8100
1628126693895000,1,5.72000000,23.8000
1628126694568000,1,5.08400000,23.7900
1628126730866000,1,41.41172152,23.7300
1628126730866000,1,16.56138848,23.7300
1628126742041000,1,16.29631000,23.7100
1628126768356000,1,0.00006603,23.7000
1628126768356000,1,10.00000000,23.6900
1628126768356000,1,10.10000000,23.6800
1628126768356000,1,17.85574154,23.6800
1628126808622000,1,10.00000000,23.7000
1628126852235000,1,10.20000000,23.6900
1628126852235000,1,64.03900000,23.6900
1628126867103000,1,240.90900000,23.6800
1628126867103000,1,9.90000000,23.6800
1628126888818000,1,10.50000000,23.6800
1628126893055000,0,1.46385034,23.6900
1628126904507000,1,10.30000000,23.6700
1628126912670000,1,15.69791877,23.6500
1628126912671000,1,0.00000001,23.6500
1628126912717000,1,211.30939073,23.6400
1628126912717000,1,102.04596103,23.6400
1628126912717000,1,39.24190395,23.6400
1628126912717000,1,8.00000000,23.6400
1628126913069000,1,39.24190395,23.6300
1628126913069000,1,102.04329605,23.6300
1628126913075000,1,0.00007690,23.6300
1628126913168000,0,39.24654848,23.6300
1628126913185000,1,15.69791000,23.6200
1628126913239000,1,0.00000878,23.6200
1628126913239000,1,15.69857122,23.6200
1628126915912000,0,50.10475000,23.6400
1628126918259000,0,50.03907000,23.6600
1628126918327000,0,0.00000585,23.6600
1628126941462000,1,281.59867000,23.6000
1628126941514000,1,260.00000000,23.6000
1628126943622000,1,1059.73210781,23.6000
1628126944142000,1,460.78922219,23.6000
1628126973791000,1,12.54015000,23.6100
1628126978822000,1,31.36605532,23.5900
1628126978822000,1,12.54014468,23.5900
1628127006575000,0,9.46424037,23.6300
1628127027764000,0,12.16562922,23.6700
1628127235600000,0,1.53000000,23.7300
1628127325641000,0,0.89100000,23.7400
1628127382005000,0,49.89870172,23.7400
1628127385580000,0,1.40600000,23.7500
1628127425537000,1,10.20000000,23.7200
1628127426705000,1,10.00000000,23.7100
1628127447453000,1,10.20000000,23.7100
1628127453132000,1,10.00000000,23.7000
1628127454062000,1,10.30000000,23.6900
1628127455721000,1,9.90000000,23.6800
1628127457812000,1,10.10000000,23.6700
1628127457812000,1,76.08700000,23.6600
1628127474871000,0,50.00929330,23.6800
1628127494165000,0,50.00168000,23.6800
1628127559703000,0,1.46385034,23.7200
1628127569453000,1,10.00000000,23.7100
1628127572802000,1,10.00000000,23.7000
1628127630463000,1,10.20000000,23.7000
1628127631152000,1,10.30000000,23.6900
1628127667399000,1,10.50000000,23.6800
1628127722405000,1,9.90000000,23.7200
1628127765103000,0,28.25010526,23.7500
1628127808736000,1,9.90000000,23.7200
1628127808736000,1,57.03100000,23.7200
1628127815652000,1,20.27865916,23.7100
1628127815653000,1,40.92372647,23.7100
1628127815654000,1,52.33159577,23.7100
1628127815656000,1,48.78601860,23.7100
1628127815656000,1,3.35882875,23.7100
1628127815660000,1,6.84117125,23.7100
1628127849828000,1,10.20000000,23.6900
1628127855637000,0,0.84900000,23.7100
1628127866542000,1,10.40000000,23.6800
1628127867463000,1,10.30000000,23.6700
1628128006845000,1,10.50000000,23.7200
1628128019596000,0,10.00000000,23.7200
1628128035632000,1,14.37320000,23.7400
1628128069345000,1,10.00000000,23.7300
1628128110823000,1,10.00000000,23.7100
1628128116502000,1,10.00000000,23.6900
1628128126903000,1,10.20000000,23.6800
1628128147813000,1,10.40000000,23.6700
1628128149621000,1,9.90000000,23.6600
1628128172158000,1,10.10000000,23.6500
1628128185767000,1,9.90000000,23.6400
1628128318312000,1,9.90000000,23.7000
1628128554772000,1,9.80000000,23.8400
1628128563615000,0,2.10950000,23.8800
1628128564924000,0,0.00001374,23.8800
1628128564924000,0,49.59608626,23.8900
1628128566355000,0,49.57660378,23.9000
1628128590406000,1,10.30000000,23.8700
1628128597505000,1,10.40000000,23.8400
1628128598083000,1,142.79450959,23.8300
1628128598083000,1,5.66591041,23.8300
1628128623240000,1,14.48435000,23.8800
1628128644557000,1,14.41503000,23.8600
1628128718833000,1,10.00000000,23.8300
1628128757744000,1,14.37770000,23.8000
1628128757903000,1,0.00002111,23.8000
1628128818027000,1,10.00000000,23.8000
1628128830545000,1,10.30000000,23.7800
1628128830572000,0,10.30000000,23.7800
1628128874601000,1,10.40000000,23.7600
1628128884634000,1,10.00000000,23.7400
1628128889018000,1,10.30000000,23.7300
1628128986164000,0,124.61816552,23.7600
1628128986164000,0,49.85059073,23.7600
1628129086940000,1,10.20000000,23.7800
1628129089779000,1,5.16700000,23.7700
1628129089779000,1,10.10000000,23.7700
1628129091278000,0,4.96300000,23.7700
1628129101604000,1,4.34900000,23.7600
1628129163586000,1,10.20000000,23.7500
1628129164015000,1,15.29513331,23.7400
1628129164015000,1,10.19999669,23.7400
1628129226697000,1,10.30000000,23.7300
1628129235640000,0,1.30400000,23.7300
1628129288219000,1,13.10000000,23.7600
1628129347593000,1,9.90000000,23.7500
1628129366492000,1,9.90000000,23.7500
1628129429111000,1,10.30000000,23.7900
1628129429111000,1,3.17600000,23.7900
1628129513196000,1,10.00000000,23.8500
1628129513524000,0,104.23763621,23.8600
1628129546907000,1,10.64200000,23.8600
1628129547402000,1,9.73800000,23.8500
1628129547978000,1,4.67100000,23.8400
1628129548132000,1,4.60000000,23.8400
1628129550431000,0,720.00000000,23.8500
1628129591470000,1,9.90000000,23.8600
1628129650427000,1,10.00000000,23.8500
1628129702864000,1,18.10000000,23.8400
1628129719020000,1,12.70000000,23.8200
1628129805098000,0,2.10310000,23.9200
1628129805217000,0,0.00009798,23.9200
1628129812542000,0,2.10060000,23.9300
1628129812542000,0,2.10239999,23.9300
1628129812543000,0,0.00000001,23.9300
1628129812709000,0,49.45954312,23.9400
1628129838162000,1,24.40000000,23.9100
1628129871485000,1,9.80000000,23.9100
1628129887652000,1,9.80000000,23.8900
1628129946971000,1,10.00000000,23.9000
1628129975644000,0,1.03100000,23.9200
1628129977843000,1,10.10000000,23.9100
1628130003786000,1,10.30000000,23.9000
1628130005063000,1,9.90000000,23.8900
1628130023933000,1,10.20000000,23.8800
1628130057878000,1,10.30000000,23.8800
1628130373990000,0,1.64000000,23.8500
1628130378072000,1,10.30000000,23.8400
1628130378583000,1,9.90000000,23.8300
1628130388242000,1,4.98900000,23.8100
1628130427240000,1,9.90000000,23.8100
1628130482167000,0,192.90000000,23.8200
1628130482232000,0,180.69800000,23.8200
1628130482232000,0,131.26400000,23.8200
1628130526195000,1,10.20000000,23.8500
1628130526195000,1,15.57319133,23.8500
1628130526195000,1,209.52588867,23.8500
1628130549237000,1,10.40000000,23.8700
1628130561187000,1,15.46938639,23.8900
1628130561187000,1,10.39999361,23.8900
1628130573839000,1,0.00000639,23.8900
1628130573839000,1,3.90399361,23.8900
1628130574603000,1,0.00000639,23.8900
1628130578830000,1,4.11200000,23.8800
1628130578830000,1,9.80000000,23.8800
1628130633155000,1,10.20000000,23.9200
1628130682872000,0,18.97526999,23.9300
1628130682947000,0,6.00000000,23.9300
1628130682947000,0,44.43340000,23.9300
1628130683002000,0,17.92300000,23.9300
1628130683034000,0,35.32960000,23.9300
1628130979550000,1,3.50700000,23.9100
1628130979550000,1,9.80000000,23.9100
1628131011169000,1,10.40000000,23.9100
1628131070963000,1,3.64900000,23.8900
1628131266580000,0,19.29100000,23.9100
1628131266598000,0,10.71000000,23.9100
1628131266639000,0,88.51951831,23.9100
1628131266755000,0,106.16048169,23.9100
1628131266755000,0,143.64800000,23.9100
1628131280425000,1,3.76400000,23.8900
1628131287841000,1,3.14300000,23.8800
1628131287841000,1,9.90000000,23.8800
1628131320243000,1,0.00000734,23.8500
1628131337654000,1,9.80000000,23.8400
1628131348550000,1,10.20000000,23.8100
1628131398304000,1,9.90000000,23.7900
1628131421821000,0,49.69000000,23.8200
1628131421894000,0,0.00185882,23.8200
1628131461436000,1,9.90000000,23.8400
1628131477105000,1,15.56550000,23.8300
1628131609465000,1,10.00000000,23.8500
1628131621751000,1,10.10000000,23.8300
1628131638998000,1,10.00000000,23.8300
1628131653552000,1,10.30000000,23.8100
1628131690480000,0,53.61000000,23.8200
1628131702653000,1,10.30000000,23.8100
1628131724301000,0,49.70231000,23.8100
1628131742138000,0,0.00900000,23.8200
1628131743528000,0,201.71000000,23.8400
1628131743553000,0,0.00200000,23.8400
1628131825409000,0,1.03200000,23.8200
1628131869657000,1,10.10000000,23.8600
1628131872712000,1,10.20000000,23.8500
1628131874006000,1,9.90000000,23.8400
1628131883880000,0,49.62050000,23.8500
1628131895124000,0,2.59000000,23.8700
1628131895131000,0,0.00200000,23.8700
1628131923818000,0,1.27600000,23.8800
1628132005248000,0,2.61170000,23.9000
1628132015394000,0,0.00005400,23.9000
1628132020408000,0,1.95880000,23.9200
1628132037851000,1,0.98920200,23.9100
1628132044184000,0,0.00001500,23.9200
1628132049272000,1,9.80000000,23.9300
1628132124565000,1,10.30000000,23.9300
1628132151861000,0,49.42491323,23.9500
1628132210640000,1,9.90000000,23.9500
1628132256766000,0,219.45000000,23.9300
1628132256775000,0,94.72400000,23.9300
1628132316501000,0,200.86500000,23.9600
1628132319115000,1,10.30000000,23.9500
1628132347399000,1,10.90000000,23.9500
1628132516303000,0,2.09790000,24.0100
1628132534953000,0,0.00008149,24.0100
1628132708570000,1,9.80000000,24.0300
1628132810343000,0,1.66000000,24.0400
1628132848537000,1,9.80000000,24.0600
1628132855858000,1,10.10000000,24.0500
1628132857232000,1,10.10000000,24.0400
1628132862814000,1,9.90000000,24.0300
1628132864292000,1,9.90000000,24.0200
1628132886444000,0,9.15000000,24.0400
1628132886452000,0,123.75500000,24.0400
1628132904933000,1,10.10000000,24.0200
1628133142273000,1,15.80276542,23.9700
1628133144619000,1,86.78873323,23.9700
1628133144619000,1,15.78801677,23.9700
1628133214662000,0,197.68400000,23.9900
1628133214662000,0,3.78600000,23.9900
1628133247869000,1,15.19167000,23.9700
1628133276972000,1,15.10250000,23.9700
1628133399492000,0,3.33000000,23.9400
1628133399500000,0,0.00200000,23.9400
1628133412926000,0,1.56700000,23.9600
1628133479765000,0,254.06000000,23.9600
1628133479796000,0,0.00300000,23.9600
1628133511829000,0,397.38000000,23.9800
1628133536077000,1,22.40000000,23.9500
1628133541565000,1,25.20000000,23.9400
1628133727301000,0,1.46900000,23.9400
1628133729753000,1,39.75373300,23.9300
1628133779643000,0,79.36000000,23.9200
1628133779726000,0,0.00100000,23.9200
1628133802800000,0,121.12000000,23.9300
1628133802844000,0,3.00900000,23.9300
1628133802844000,0,26.59900000,23.9300
1628133832307000,1,34.50954752,23.8900
1628133832307000,1,13.81040166,23.8900
1628133841794000,1,13.81040000,23.8800
1628133841947000,1,0.00000166,23.8800
1628133858121000,0,14.81700000,23.8900
1628133955879000,0,209.32450000,23.9000
1628134115014000,0,9.20000000,23.9000
1628134205748000,0,6.74000000,23.9100
1628134205806000,0,0.00900000,23.9100
1628134272060000,1,10.00000000,23.8800
1628134309587000,1,8.00000000,23.8600
1628134313758000,0,5.89000000,23.8700
1628134324270000,0,0.00300000,23.8700
1628134324270000,0,1.52100000,23.8700
1628134335638000,0,1.07100000,23.8700
1628134366784000,1,52.30000000,23.8500
1628134366784000,1,13.45980000,23.8500
1628134374416000,1,52.20000000,23.8400
1628134413287000,0,261.19400000,23.8700
1628134413287000,0,128.64600000,23.8700
1628134413381000,0,0.00200000,23.8700
1628134438943000,0,3.43000000,23.8600
1628134439084000,0,0.00700000,23.8600
1628134455804000,1,52.30000000,23.8600
1628134642925000,1,45.70000000,23.9100
1628134669924000,0,1.31400000,23.9300
1628134669924000,0,7.13100000,23.9300
1628134669924000,0,49.47168275,23.9300
1628134705607000,0,0.94700000,23.9500
1628134708532000,0,6.11100000,23.9500
1628134721832000,1,29.70000000,23.9600
1628134733426000,0,7.49000000,23.9700
1628134733575000,0,0.00500000,23.9700
1628134752302000,0,49.33890000,24.0000
1628134752375000,0,0.00009373,24.0000
1628134755826000,1,14.90000000,24.0100
1628134779334000,1,10.30000000,24.0100
1628134842849000,1,100.00000000,23.9600
1628134865692000,1,9.80000000,23.9700
1628134886255000,1,15.94333000,23.9700
1628135101796000,1,15.79041000,23.9500
1628135101804000,1,0.00000626,23.9500
1628135102262000,1,14.87574657,23.9400
1628135269361000,0,1.94500000,23.8900
1628135270574000,0,428.74000000,23.8900
1628135319176000,0,150.63000000,23.9200
1628135319224000,0,0.00800000,23.9200
1628135764974000,1,10.10000000,23.9500
1628135774878000,1,10.30000000,23.9500
1628135831365000,1,9.90000000,23.9600
1628135845600000,0,1.22400000,23.9700
1628135936758000,0,129.88000000,23.9700
1628135936775000,0,137.20300000,23.9700
1628135936775000,0,93.84000000,23.9700
1628135954077000,1,15.60967000,23.9600
1628135955256000,1,15.61657000,23.9500
1628135973380000,1,15.48110987,23.9200
1628136028182000,1,10.30000000,23.8800
1628136028182000,1,15.42369069,23.8800
1628136028182000,1,38.55770931,23.8800
1628136028215000,1,0.00013188,23.8800
1628136065659000,1,10.20000000,23.8700
1628136069847000,0,59.56592716,23.8800
1628136177220000,0,2.89800000,23.8900
1628136304539000,1,14.71000000,23.8700
1628136444021000,0,1.14600000,23.9100
1628136512935000,1,8.10100000,23.9100
1628136582601000,0,46.20930541,23.9300
1628136582853000,0,9.48447436,23.9300
1628136582906000,0,44.39000000,23.9300
1628136586757000,0,86.62322023,23.9300
1628136586757000,0,65.59999977,23.9300
1628136586772000,0,0.00000023,23.9300
1628136664599000,1,5.26000000,23.9300
1628136705684000,1,3.41100000,23.9300
1628136705684000,1,10.29999999,23.9300
1628136705748000,1,0.00000001,23.9300
1628136784502000,1,10.40000000,23.9200
1628136938499000,1,4.00400000,23.8900
1628136947707000,0,110.00000000,23.9100
1628136947707000,0,57.35520246,23.9100
1628137070697000,0,1.57600000,23.9100
1628137071774000,0,204.83000000,23.9100
1628137095964000,0,100.88000000,23.9100
1628137096011000,0,0.00600000,23.9100
1628137153684000,1,10.20000000,23.9000
1628137205124000,1,4.96300000,23.8900
1628137209103000,1,10.10000000,23.8800
1628137209103000,1,3.46100000,23.8800
1628137265876000,1,9.90000000,23.8800
1628137325578000,0,1.07200000,23.8700
1628137338961000,0,10.00000000,23.8700
1628137388260000,0,1.41600000,23.8600
1628137864185000,1,3.29900000,23.7900
1628137984979000,0,1.74100000,23.7700
1628137984979000,0,13.40900000,23.7700
1628137985210000,0,244.58509000,23.7700
1628137985557000,0,77.26091000,23.7700
1628137997756000,1,0.93500000,23.7700
1628138001083000,1,10.10000000,23.7400
1628138001083000,1,14.94619000,23.7400
1628138178661000,1,14.63258000,23.7300
1628138178994000,1,36.58369973,23.7200
1628138178994000,1,14.63257027,23.7200
1628138194921000,1,30.00000000,23.7000
1628138249375000,1,3.18600000,23.7000
1628138285423000,0,1.12700000,23.7100
1628138491121000,1,9.80000000,23.7700
1628138543454000,1,4.64900000,23.7700
1628138587637000,0,251.25000000,23.8000
1628138619038000,0,61.68874637,23.8200
1628138619145000,0,26.58825363,23.8200
1628138628910000,1,3.48100000,23.8100
1628138665217000,1,3.43100000,23.8000
1628138895847000,1,14.29080000,23.7500
1628138969704000,1,14.21420000,23.7600
1628138969742000,1,0.00002049,23.7600
1628139004909000,1,14.14500000,23.7500
1628139022072000,1,10.10000000,23.7300
1628139022310000,1,14.02077729,23.7200
1628139022310000,1,9.99992271,23.7200
1628139046508000,1,10.40000000,23.7100
1628139047284000,1,10.20000000,23.7000
1628139059472000,1,10.20000000,23.6900
1628139210015000,1,10.00000000,23.7000
1628139232801000,0,100.26000000,23.7200
1628139232831000,0,0.00300000,23.7200
1628139326980000,1,13.00070000,23.7000
1628139419563000,0,1.26300000,23.7300
1628139552959000,0,1.70500000,23.7400
1628139552959000,0,223.29200000,23.7400
1628139552959000,0,1.09000000,23.7400
1628139552959000,0,78.45300000,23.7400
1628139553039000,0,0.00100000,23.7400
1628139603620000,1,210.81010425,23.7000
1628139603620000,1,12.74199575,23.7000
1628139608803000,1,3.46300000,23.6800
1628139618347000,0,2.80000000,23.6900
1628139634236000,0,2.60000000,23.6900
1628139719154000,0,2.50000000,23.6900
1628139828163000,0,45.77944596,23.7200
1628139828214000,0,4.13257834,23.7200
1628139828214000,0,93.01135948,23.7200
1628139828433000,0,45.36745924,23.7200
1628139828527000,0,17.44608150,23.7200
1628139905073000,1,10.10000000,23.7500
1628139908054000,1,10.20000000,23.7400
1628139965619000,1,10.20000000,23.7600
1628139988260000,1,9.90000000,23.7800
1628139998871000,0,41.91272980,23.8000
1628140007023000,0,59.19624092,23.8100
1628140063662000,1,9.90000000,23.7900
1628140063662000,1,3.09300000,23.7900
1628140064066000,0,3.68900000,23.7900
1628140342468000,1,3.88400000,23.7800
1628140404952000,0,247.04700000,23.7800
1628140404952000,0,1.98300000,23.7800
1628140404993000,0,0.00500000,23.7800
1628140407568000,0,65.67000000,23.7800
1628140704182000,0,49.88000000,23.7300
1628140704197000,0,0.00611196,23.7300
1628140787464000,0,49.76160000,23.8000
1628140787539000,0,0.00009542,23.8000
1628140788122000,0,49.70299612,23.8200
1628140788122000,0,8.00000000,23.8200
1628140953378000,1,10.20000000,23.7700
1628141025640000,0,1.44000000,23.7600
1628141065648000,0,0.17000000,23.7600
1628141317035000,1,3.03500000,23.7300
1628141408130000,1,11.10000000,23.7100
1628141553318000,1,9.83900000,23.7100
1628141553318000,1,10.50000000,23.7100
1628141564960000,1,11.89900000,23.7000
1628141564960000,1,10.30000000,23.7000
1628141565065000,1,9.83900000,23.6900
1628141565065000,1,13.45160000,23.6900
1628141644771000,0,82.09000000,23.7000
1628141644824000,0,0.00400000,23.7000
1628141768106000,1,107.20321000,23.6700
1628141768305000,1,0.00000081,23.6700
1628141945614000,0,0.99900000,23.7000
1628141946495000,0,248.19000000,23.7000
1628141946519000,0,67.47500000,23.7000
1628141946519000,0,2.27800000,23.7000
1628141946519000,0,111.26000000,23.7000
1628142055631000,0,1.13700000,23.7400
1628142317608000,1,10.00000000,23.7800
1628142453906000,1,10.40000000,23.7200
1628142507840000,0,176.36000000,23.7300
1628142514260000,0,0.00700000,23.7300
1628142514260000,0,1.95200000,23.7300
1628142514260000,0,86.86100000,23.7300
1628142514323000,0,0.00600000,23.7300
1628142703276000,1,12.61164050,23.7900
1628142703276000,1,210.04699950,23.7900
1628142725950000,0,49.68000000,23.8300
1628142725975000,0,0.00892542,23.8300
1628142799703000,0,52.11274098,23.8600
1628143160276000,0,252.10500000,23.8200
1628143160276000,0,73.95500000,23.8200
1628143160376000,0,14.62200000,23.8200
1628143160376000,0,1.25800000,23.8200
1628143173684000,0,0.00200000,23.8200
1628143215603000,1,10.95172000,23.8100
1628143313737000,1,52.50000000,23.7600
1628143358599000,1,52.40000000,23.7500
1628143375836000,1,52.00000000,23.7500
1628143703820000,0,25.98763913,23.7500
1628143703865000,0,23.86609933,23.7500
1628143703865000,0,205.27600000,23.7500
1628143703865000,0,68.00000000,23.7500
1628143703936000,0,124.60287606,23.7600
1628143705107000,0,17.74700000,23.7900
1628143719146000,0,131.24200000,23.7900
1628143748867000,1,10.40000000,23.7900
1628143764050000,1,10.40000000,23.7700
1628144007295000,0,16.84643213,23.7500
1628144007559000,0,49.50000000,23.7500
1628144007599000,0,42.60000000,23.7500
1628144008050000,0,60.29556787,23.7500
1628144008050000,0,11.09609284,23.7500
1628144101565000,1,11.53670000,23.7200
1628144112240000,1,276.00000000,23.7000
1628144149342000,0,69.98000000,23.6700
1628144149404000,0,0.00770000,23.6700
1628144209588000,0,864.40937896,23.6600
1628144390591000,1,8.10820000,23.6400
1628144395171000,1,0.00009103,23.6400
1628144620646000,0,159.91000000,23.6700
1628144631715000,0,250.11600000,23.6800
1628144763419000,1,10.00000000,23.6500
1628144764544000,1,10.00000000,23.6400
1628144908378000,1,11.40000000,23.6500
1628144959379000,1,10.20000000,23.6400
1628144959379000,1,11.26262814,23.6400
1628144959673000,0,3.33300000,23.6500
1628144959972000,1,28.15752301,23.6300
1628144959972000,1,340.00000000,23.6300
1628144959972000,1,10.00000000,23.6300
1628144959972000,1,11.26262814,23.6300
1628144960108000,1,3.90600000,23.6400
1628144960769000,1,3.08199999,23.6300
1628144960775000,1,0.00000001,23.6300
1628145047622000,1,23.68662674,23.5700
1628145235623000,0,0.91900000,23.6200
1628145238875000,1,3.74600000,23.6000
1628145270459000,0,50.16146000,23.6000
1628145318863000,1,3.98900000,23.6000
1628145331731000,1,3.86900000,23.5900
1628145344901000,1,4.11000000,23.5800
1628145441021000,0,50.24352000,23.5700
1628145546458000,0,351.46300000,23.5700
1628145546458000,0,88.53700000,23.5700
1628145546537000,0,84.57100000,23.5700
1628145681338000,1,10.40000000,23.5500
1628145701423000,1,10.50000000,23.5400
1628145725648000,0,1.09400000,23.5200
1628145726404000,0,49.23144000,23.5200
1628145798712000,1,302.00000000,23.5000
1628145802276000,0,3.44800000,23.5000
1628145816512000,0,50.36299000,23.5000
1628145851760000,0,50.38520000,23.4800
1628145851775000,0,0.00000098,23.4800
1628145918084000,0,50.36200000,23.5000
1628146012880000,1,10.40000000,23.5700
1628146115636000,0,1.48000000,23.5800
1628146135639000,0,1.21500000,23.5700
1628146176328000,0,170.00000000,23.5800
1628146176396000,0,83.71700000,23.5800
1628146176396000,0,89.14300000,23.5800
1628146208885000,1,17.01100000,23.5900
1628146223808000,0,50.16000000,23.6100
1628146448213000,1,11.90100000,23.6100
1628146497006000,1,10.40000000,23.6100
1628146498004000,1,11.09300000,23.6000
1628146535600000,0,1.23000000,23.6000
1628146535751000,1,7.20400000,23.5900
1628146542923000,1,1.00000000,23.5800
1628146545642000,0,1.44200000,23.6000
1628146669076000,1,71.50000000,23.6500
1628146669159000,1,139.74860000,23.6500
1628146669322000,1,12.04643470,23.6500
1628146689649000,0,52.53147444,23.6700
1628146698628000,0,7.46940099,23.6700
1628146698629000,0,0.00000001,23.6700
1628146701567000,0,310.50200000,23.6700
1628146724219000,1,10.00000000,23.6700
1628146787704000,1,10.20000000,23.6600
1628146802124000,1,11.99411384,23.6300
1628146802124000,1,74.19288616,23.6300
1628146809351000,1,3.26600000,23.6300
1628146812063000,1,3.93300000,23.6200
1628146975379000,1,142.58377632,23.5600
1628147128759000,1,10.20000000,23.6400
1628147174226000,1,10.10000000,23.6700
1628147227674000,0,49.88530000,23.7400
1628147296894000,1,10.10000000,23.7400
1628147365594000,0,0.99700000,23.7500
1628147396149000,1,10.19999999,23.7300
1628147441596000,1,10.10000000,23.7100
1628147456757000,1,10.00000000,23.7000
1628147557200000,1,10.00000000,23.6800
1628147563918000,1,10.50000000,23.6700
1628147573466000,1,10.10000000,23.6500
1628147624394000,0,4.70000000,23.6500
1628147624645000,0,96.64000000,23.6500
1628147624667000,0,66.16900000,23.6500
1628147733307000,0,476.75000000,23.6600
1628147733335000,0,0.00700000,23.6600
1628147871686000,1,8.81800000,23.6900
1628147926821000,1,4.91200000,23.6900
1628147992004000,1,3.70300000,23.6900
1628147993205000,1,3.54400000,23.6800
1628148004172000,1,3.42400000,23.6700
1628148112201000,1,13.97250000,23.6400
1628148372913000,0,5.25200000,23.6000
1628148553467000,0,14.30000000,23.5500
1628148554134000,1,36.27020408,23.5200
1628148578993000,0,164.91600000,23.5500
1628148583501000,0,280.31300000,23.5600
1628148584566000,0,3.45000000,23.5800
1628148709170000,0,9.18100851,23.5300
1628148779965000,1,200.00562836,23.5400
1628149073267000,0,50.15000000,23.6300
1628149107276000,0,42.58694410,23.6400
1628149107395000,0,191.42300000,23.6400
1628149107407000,0,0.00005590,23.6400
1628149262200000,1,17.15840000,23.6000
1628149511185000,1,3.34400000,23.5900
1628149587315000,1,212.27860000,23.5400
1628149713488000,0,170.00000000,23.6000
1628149713552000,0,89.69900000,23.6000
1628150185000000,1,4.35099999,23.6300
1628150185031000,1,0.00000001,23.6300
1628150259277000,0,4.03840000,23.7000
1628150259278000,0,0.00007400,23.7000
1628150304211000,0,2.22669499,23.7000
1628150304213000,0,0.00000001,23.7000
1628150306196000,0,113.15000000,23.7000
1628150306272000,0,190.66300000,23.7000
1628150325580000,0,1.11100000,23.7100
1628150331042000,0,79.64900000,23.7100
1628150448201000,1,16.46105000,23.7000
1628150449854000,1,10.78159266,23.6800
1628150449870000,1,5.68800221,23.6800
1628150923989000,0,75.42846021,23.6500
1628150924024000,0,55.27607958,23.6500
1628150924047000,0,20.15238063,23.6500
1628150924120000,0,35.12369895,23.6500
1628150924121000,0,20.15238063,23.6500
1628150995620000,0,1.07400000,23.6700
1628150996788000,0,100.45400000,23.6700
1628150996818000,1,13.43026386,23.6600
1628151153315000,1,5.06800000,23.7100
1628151153315000,1,17.26145389,23.7000
1628151200616000,1,71.00000000,23.7200
1628151209601000,1,9.30399999,23.7100
1628151209626000,1,0.00000001,23.7100
1628151209818000,1,9.39800000,23.7000
1628151210712000,1,9.30400000,23.6800
1628151210746000,0,10.90200000,23.7100
1628151212290000,1,10.90200000,23.7000
1628151212494000,1,6.39100000,23.6900
1628151669179000,1,3.81000000,23.6300
1628151677034000,1,4.27700000,23.6200
1628151710179000,1,10.50000000,23.6200
1628151857918000,1,7.42400000,23.5900
1628151929914000,0,279.98900000,23.6100
1628151929914000,0,179.00900000,23.6100
1628152079780000,1,3.65800000,23.6900
1628152195640000,0,0.85700000,23.6700
1628152233042000,1,3.19700000,23.6300
1628152450699000,1,11.80000000,23.6000
1628152505231000,1,10.20000000,23.6000
1628152765627000,0,1.85000000,23.6000
1628152775580000,0,0.92200000,23.6000
1628152829163000,1,26.95200000,23.5900
1628152880346000,1,52.90000000,23.5800
1628152880346000,1,14.64099999,23.5800
1628152880347000,1,0.00000001,23.5800
1628152886753000,1,17.31700000,23.5700
1628152886753000,1,52.30000000,23.5700
1628152894323000,0,5.80000000,23.5700
1628153031844000,1,3.24900000,23.5900
1628153035392000,1,52.90000000,23.5800
1628153048150000,1,9.70000000,23.5600
1628153080145000,1,5.00000000,23.5400
1628153089833000,1,26.74340893,23.5400
1628153089840000,1,25.85659107,23.5400
1628153111494000,1,52.80000000,23.5200
1628153124253000,0,376.00000000,23.5400
1628153125196000,0,41.85980000,23.5500
1628153125217000,0,0.00007261,23.5500
1628153156726000,1,53.00000000,23.5200
1628153180746000,1,50.40000000,23.5000
1628153181166000,1,3.28200000,23.4900
1628153181166000,1,10.09975229,23.4900
1628153187364000,1,3.19900000,23.4800
1628153187364000,1,0.50100000,23.4800
1628153239561000,1,39.50000000,23.4800
1628153240770000,1,10.20000000,23.4600
1628153318169000,0,42.11153681,23.4900
1628153318169000,0,109.99999319,23.4900
1628153344968000,1,20.90000000,23.4700
1628153411630000,1,37.81312075,23.4200
1628153411630000,1,15.12946051,23.4200
1628153439573000,1,14.88400000,23.3800
1628153462060000,1,14.88402000,23.3600
1628153462164000,1,0.00000868,23.3600
1628153463003000,1,14.57408256,23.3500
1628153532077000,0,213.94300000,23.3900
1628153613652000,1,2.14304123,23.2800
1628153613652000,1,3.55809101,23.2800
1628153616885000,0,50.73520000,23.3300
1628153619692000,1,10.50000000,23.3100
1628153620205000,1,10.70000000,23.3100
1628153620205000,1,10.00000000,23.3100
1628153621687000,1,10.30000000,23.3100
1628153622439000,1,29.12387528,23.3000
1628153622439000,1,10.50000000,23.3000
1628153622439000,1,11.90084409,23.3000
1628153622840000,1,29.76487685,23.2900
1628153622840000,1,11.90084409,23.2900
1628153649933000,0,79.96000000,23.3400
1628153649994000,0,0.00200000,23.3400
1628153652133000,0,28.09500000,23.3400
1628153696654000,1,11.56940000,23.2800
1628153697615000,1,11.57840000,23.2700
1628153736000000,1,10.60000000,23.2900
1628153787177000,1,10.20000000,23.3200
1628153788226000,1,145.00000000,23.3100
1628153788278000,1,181.57700557,23.3100
1628154010682000,1,10.10000000,23.3000
1628154012754000,1,10.70000000,23.2900
1628154022564000,1,2.14580000,23.2500
1628154022570000,1,0.00000645,23.2500
1628154072340000,0,50.66680000,23.3600
1628154123128000,1,10.40000000,23.3600
1628154159252000,0,3.94000000,23.3700
1628154159254000,0,0.00900000,23.3700
1628154186695000,1,214.23102025,23.3200
1628154186695000,1,11.34263251,23.3200
1628154186695000,1,10.39994724,23.3200
1628154205433000,0,50.75000000,23.3300
1628154281421000,1,10.30000000,23.3400
1628154913701000,1,14.11791622,23.3200
1628154913704000,1,13.38815736,23.3200
1628154913704000,1,11.00525869,23.3200
1628154919896000,1,10.60000000,23.3100
1628154919896000,1,10.82093235,23.3100
1628154921215000,1,10.10000000,23.3000
1628155072372000,1,4.48199999,23.2600
1628155084537000,1,0.00000001,23.2600
1628155086882000,1,3.92700000,23.2500
1628155117271000,1,6.58200000,23.2100
1628155119249000,1,7.79100000,23.2000
1628155135573000,1,6.78800000,23.1900
1628155136311000,1,7.84400000,23.1800
1628155136311000,1,77.15600000,23.1700
1628155168759000,1,10.40000000,23.1500
1628155171537000,1,2.15693000,23.1300
1628155172686000,1,0.00000904,23.1300
1628155180050000,1,6.76470176,23.1200
1628155180364000,1,7.16529824,23.1200
1628155180364000,1,0.00108177,23.1200
1628155181037000,1,10.40000000,23.1000
1628155195320000,0,334.00000000,23.1000
1628155198955000,0,302.00000000,23.1200
1628155199662000,0,51.17049000,23.1300
1628155219932000,0,26.69000000,23.1800
1628155222345000,0,51.01000000,23.2000
1628155237836000,1,10.70000000,23.2000
1628155238317000,1,7.37640705,23.1900
1628155238317000,1,10.69999295,23.1900
1628155276457000,1,10.20000000,23.1600
1628155276457000,1,7.07829000,23.1600
1628155292537000,1,10.70000000,23.1300
1628155292537000,1,8.00000000,23.1300
1628155323768000,0,2.50980000,23.1200
1628155324188000,0,48.68713000,23.1200
1628155330582000,1,10.60000000,23.1000
1628155331735000,1,10.30000000,23.0900
1628155342366000,1,3.97662900,23.0900
1628155344602000,1,10.50000000,23.0800
1628155407294000,1,5.24940000,23.1400
1628155411030000,1,3.19200000,23.1300
1628155439062000,1,10.30000000,23.1200
1628155474547000,1,10.36540000,23.0800
1628155556618000,1,11.33300000,23.1300
1628155556618000,1,11.71718438,23.1300
1628155556620000,1,0.00000001,23.1300
1628155562113000,1,13.32499999,23.1200
1628155562117000,1,0.00000001,23.1200
1628155578267000,1,6.41600000,23.0900
1628155580400000,1,6.36200000,23.0800
1628155581228000,1,2.16254876,23.0700
1628155581228000,1,5.98984779,23.0700
1628155581235000,1,5.74822033,23.0700
1628155597024000,1,11.51484000,23.0400
1628155639891000,1,12.00327415,23.1300
1628155639891000,1,10.49992585,23.1300
1628155666538000,1,10.70000000,23.1600
1628155698694000,1,11.80857000,23.1500
1628155729290000,1,3.01200000,23.1500
1628155802290000,1,43.38089000,23.1300
1628155883262000,1,12.57000000,23.1500
1628155883377000,1,14.85600000,23.1400
1628155883377000,1,286.00000000,23.1400
1628155894012000,1,5.39600000,23.1300
1628155918614000,1,4.54900000,23.1200
1628155933766000,1,5.03800000,23.1100
1628156005000000,1,4.18500000,23.0900
1628156006334000,1,5.44100000,23.0800
1628156006334000,1,10.39999999,23.0800
1628156006335000,1,0.00000001,23.0800
1628156031158000,0,18.00700000,23.1100
1628156059873000,1,6.46500000,23.0700
1628156067704000,1,6.54399999,23.0600
1628156067773000,1,0.00000001,23.0600
1628156077758000,1,10.20000000,23.0700
1628156157707000,1,3.23500000,23.0700
1628156157707000,1,10.30000000,23.0700
1628156251746000,1,2.16720000,23.0200
1628156251753000,1,0.00004587,23.0200
1628156253363000,1,2.16818000,23.0100
1628156253366000,1,0.00000774,23.0100
1628156264396000,1,11.24593000,23.0000
1628156264667000,1,103.22800495,23.0000
1628156303056000,1,3.12699999,23.0200
1628156303063000,1,0.00000001,23.0200
1628156323823000,1,86.18700000,23.0000
1628156365244000,1,43.52191310,23.0000
1628156365244000,1,55.47020177,23.0000
1628156365246000,1,38.35695774,23.0000
1628156365247000,1,32.77136896,23.0000
1628156365251000,1,440.00000000,23.0000
1628156365265000,1,307.66265000,23.0000
1628156365313000,1,223.58510391,23.0000
1628156365313000,1,50.00000000,23.0000
1628156411172000,0,7.86960000,22.9100
1628156411175000,0,0.00006174,22.9100
1628156411226000,0,18.01630000,22.9400
1628156411374000,0,4.57830000,22.9400
1628156411376000,0,2.04940000,22.9400
1628156411416000,0,1.38060000,22.9400
1628156412569000,0,25.57676000,22.9400
1628156419826000,1,10.11601000,22.9500
1628156427602000,0,268.00000000,22.9900
1628156440237000,0,51.39680330,23.0400
1628156444398000,1,9.52599434,23.0300
1628156444398000,1,23.81415916,23.0300
1628156444422000,1,0.00000001,23.0300
1628156447173000,1,9.52599434,23.0100
1628156447173000,1,24.46933566,23.0100
1628156467042000,1,9.44674000,23.0400
1628156492163000,0,217.26754682,23.0300
1628156492163000,0,51.41545318,23.0300
1628156528645000,0,5.80616600,23.0900
1628156539749000,0,4.35460000,23.0900
1628156572089000,0,0.00002500,23.0900
1628156572089000,0,128.22900888,23.0900
1628156572089000,0,51.28886612,23.0900
1628156576309000,0,3.26590000,23.1000
1628156581691000,1,3.52800000,23.0800
1628156593725000,1,1.56747600,23.0800
1628156609784000,0,0.00006800,23.1000
1628156622827000,1,7.86966173,23.1100
1628156651887000,0,1.17560000,23.1300
1628156658576000,0,0.00000700,23.1300
1628156747397000,1,5.80100000,23.1300
1628156751984000,1,5.73600000,23.1200
1628156752869000,0,10.00000000,23.1200
1628156754287000,1,1.23300000,23.1200
1628156754311000,1,13.29900000,23.1100
1628156778985000,1,10.50000000,23.1000
1628156790342000,1,3.02000000,23.0900
1628156803031000,1,10.60000000,23.0800
1628156803031000,1,3.33000000,23.0800
1628156908244000,1,26.55114265,23.0900
1628156908244000,1,10.62044735,23.0900
1628157007556000,1,10.81762000,23.0100
1628157129401000,0,51.26650000,23.0900
1628157129406000,0,0.00006074,23.0900
1628157251308000,1,162.14319000,23.0800
1628157256500000,1,41.42005810,23.0400
1628157256565000,1,240.57994000,23.0400
1628157256568000,1,0.00000190,23.0400
1628157263589000,1,10.00000000,23.0400
1628157263589000,1,1.71198347,23.0400
1628157422599000,1,3.22400000,23.0700
1628157724418000,0,110.00000000,23.0000
1628157737515000,0,150.29000000,23.0500
1628157737624000,0,0.00731919,23.0500
1628157776392000,0,2.16720000,23.2000
1628157777171000,0,2.16817999,23.2100
1628157777171000,0,0.00000001,23.2100
1628157777727000,1,110.00000000,23.2200
1628157779298000,0,10.00000000,23.2200
1628157780414000,1,30.20000000,23.2100
1628157788431000,1,34.90000000,23.2000
1628157823502000,1,143.15891477,23.2100
1628157823502000,1,12.29999523,23.2100
1628157830113000,1,10.10000000,23.2000
1628157843574000,1,10.20000000,23.1900
1628157859999000,1,10.20000000,23.1700
1628158013324000,1,10.30000000,23.2200
1628158054195000,0,2.16254876,23.2700
1628158054195000,0,3.87695124,23.2700
1628158056149000,1,18.25165000,23.2500
1628158090836000,0,0.00004876,23.2700
1628158133759000,0,2.15690000,23.3000
1628158137717000,1,10.10000000,23.2900
1628158158663000,1,51.58938290,23.2500
1628158158756000,1,8.18013973,23.2500
1628158184026000,0,0.00003000,23.3000
1628158198534000,0,2.82575107,23.3000
1628158217223000,1,10.50000000,23.2800
1628158255435000,1,10.20000000,23.2600
1628158255510000,1,45.15060203,23.2500
1628158255510000,1,18.06279874,23.2500
1628158278103000,1,17.74853623,23.2500
1628158278103000,1,10.19996377,23.2500
1628158336586000,1,17.66407453,23.2500
1628158395541000,1,17.54573317,23.2900
1628158435294000,1,8.96575285,23.2800
1628158484741000,1,16.98304000,23.3200
1628158501525000,1,10.22000000,23.3100
1628158501587000,1,6.68249556,23.3100
1628158501980000,1,109.86998978,23.3000
1628158501980000,1,42.24996730,23.3000
1628158556562000,1,15.71650000,23.2500
1628158556694000,1,0.00004430,23.2500
1628158921108000,1,9.34442941,23.2200
1628158944409000,1,153.94604646,23.2100
1628158944409000,1,7.48195354,23.2100
1628158944530000,1,0.00004646,23.2100
1628159030552000,1,3.87300000,23.2100
1628159088903000,1,3.26700000,23.2000
1628159159254000,1,3.35199999,23.1700
1628159163545000,1,0.00000001,23.1700
1628159177165000,0,110.00000000,23.1700
1628159177165000,0,110.00000000,23.1800
1628159177165000,0,215.84285347,23.1800
1628159177165000,0,45.73523108,23.1800
1628159203296000,1,3.88399999,23.1700
1628159204497000,0,22.00000000,23.1900
1628159404591000,1,10.00000000,23.1900
1628159415933000,0,11.00000000,23.1800
1628159416066000,0,40.05931000,23.1800
1628159522360000,1,10.50000000,23.1700
1628159548844000,0,51.19310000,23.1200
1628159575653000,1,70.76498851,23.0800
1628159585721000,0,51.23070000,23.1100
1628159620799000,1,10.40000000,23.0800
1628159620799000,1,15.31335000,23.0800
1628159637311000,1,15.24260302,23.0700
1628159637311000,1,164.26381937,23.0700
1628159637312000,1,52.31857577,23.0700
1628159638077000,1,15.24366000,23.0600
1628159650495000,0,252.00000000,23.1000
1628159650495000,0,128.16796625,23.1000
1628159650495000,0,59.83203375,23.1000
1628159650755000,0,51.25603000,23.1000
1628159679099000,1,10.20000000,23.1000
1628159713909000,1,10.30000000,23.1100
1628159754937000,1,10.70000000,23.1100
1628159765875000,1,10.40000000,23.0900
1628159769314000,1,10.20000000,23.0800
1628159782286000,1,10.10000000,23.0700
1628159789734000,0,32.54616992,23.0700
1628159789846000,0,4.76751814,23.0700
1628159789858000,0,81.21163220,23.0700
1628159789867000,0,95.00000000,23.0700
1628159789935000,0,88.47467974,23.0700
1628159799630000,1,10.20000000,23.0700
1628159801596000,1,10.20000000,23.0500
1628159823194000,1,10.50000000,23.0700
1628159870789000,1,10.20000000,23.1100
1628159870789000,1,110.00000000,23.1100
1628159870789000,1,216.20721700,23.1100
1628159870789000,1,41.87003198,23.1100
1628159878975000,1,110.00000000,23.1400
1628159878975000,1,10.30000000,23.1400
1628159878975000,1,216.00194280,23.1300
1628159878975000,1,55.69939594,23.1300
1628159885392000,1,10.10000000,23.1500
1628159906814000,1,10.60000000,23.1700
1628159938090000,1,10.30000000,23.1900
1628160030054000,1,10.20000000,23.2000
1628160034566000,1,109.07136000,23.1900
1628160041086000,1,0.00000070,23.1900
1628160114665000,1,10.60000000,23.1300
1628160114665000,1,43.76538234,23.1300
1628160114665000,1,17.51172766,23.1300
1628160115774000,0,145.00000000,23.1400
1628160115774000,0,110.00000000,23.1400
1628160116461000,0,110.00000000,23.1400
1628160116461000,0,110.00000000,23.1400
1628160118674000,0,43.40968020,23.1400
1628160118674000,0,109.99031980,23.1400
1628160301754000,0,34.19227658,23.1400
1628160301799000,0,53.92337896,23.1400
1628160301809000,0,10.00000000,23.1400
1628160436126000,1,17.10000000,23.1900
1628160569464000,0,71.00000000,23.2800
1628160569471000,0,77.33460000,23.2800
1628160577357000,1,10.10000000,23.2800
1628160683222000,1,17.01430000,23.2700
1628160684263000,1,10.50000000,23.2600
1628160684263000,1,17.02620000,23.2600
1628160688247000,1,10.10000000,23.2500
1628160693956000,1,10.20000000,23.2500
1628160702246000,1,10.10000000,23.2400
1628160738175000,1,10.70000000,23.2300
1628160746215000,1,10.40000000,23.2200
1628160754646000,1,10.50000000,23.2100
1628160917207000,1,10.10000000,23.1700
1628160994077000,1,10.60000000,23.1600
1628161024728000,1,10.10000000,23.1600
1628161203844000,1,10.50000000,23.2600
1628161205860000,1,10.30000000,23.2400
1628161207576000,1,10.30000000,23.2300
1628161217756000,1,10.40000000,23.2000
1628161218373000,1,10.50000000,23.1900
1628161220406000,1,16.85958106,23.1800
1628161220406000,1,10.59991894,23.1800
1628161220408000,1,0.00008106,23.1800
1628161252910000,1,10.10000000,23.1400
1628161253464000,1,5.00000000,23.1400
1628161342011000,1,10.30000000,23.1600
1628161417131000,1,10.10000000,23.2100
1628161420203000,1,10.20000000,23.2000
1628161449054000,1,6.25000000,23.1800
1628161484226000,1,10.50000000,23.1900
1628161545695000,1,16.74993098,23.1700
1628161545695000,1,41.87723301,23.1700
1628161545695000,1,10.59999601,23.1700
1628161599805000,0,215.57910122,23.2100
1628161599805000,0,110.00000000,23.2100
1628161599805000,0,68.00000000,23.2100
1628161599805000,0,1946.74834384,23.2100
1628161613936000,1,10.00000000,23.2100
1628161627093000,1,16.00000000,23.1900
1628161661374000,1,10.12700000,23.2200
1628161661375000,1,1.47300000,23.2200
1628161662147000,1,10.70000000,23.2100
1628161692193000,1,12.00000000,23.2300
1628161697584000,1,10.30000000,23.2200
1628161700428000,1,10.50000000,23.2100
1628161703300000,1,10.40000000,23.2000
1628161829462000,0,110.00000000,23.3500
1628161829462000,0,176.85700000,23.3500
1628161829462000,0,2.47986898,23.3600
1628161829462000,0,182.96486774,23.3600
1628161837772000,1,10.29999999,23.3300
1628161837835000,1,0.00000001,23.3300
1628161838306000,1,16.34969745,23.3200
1628161838306000,1,387.99999255,23.3200
1628161850648000,0,300.00000000,23.3700
1628161854870000,1,10.40000000,23.3700
1628161869001000,1,10.10000000,23.3500
1628161881172000,1,10.40000000,23.3600
1628161901807000,1,110.00000000,23.3700
1628161959558000,1,16.23320048,23.3800
1628161959558000,1,10.09999952,23.3800
1628161981377000,1,10.50000000,23.3700
1628161981377000,1,16.15300000,23.3700
1628161988193000,1,10.30000000,23.3500
1628161990678000,1,308.00000000,23.3400
1628161997769000,0,3.00000000,23.3600
1628162116841000,0,130.00000000,23.3900
1628162116841000,0,213.89348609,23.3900
1628162116841000,0,110.00000000,23.3900
1628162116841000,0,137.73219927,23.3900
1628162116841000,0,8.00000000,23.3900
1628162116841000,0,42.61965811,23.4000
1628162116841000,0,110.00000000,23.4000
1628162116841000,0,213.89348609,23.4000
1628162116841000,0,149.44764275,23.4000
1628162116841000,0,213.75867444,23.4100
1628162116841000,0,43.20375906,23.4100
1628162116841000,0,18.49848686,23.4100
1628162116841000,0,987.26000000,23.4100
1628162116841000,0,213.91997337,23.4200
1628162116841000,0,374.00000000,23.4200
1628162116841000,0,42.80529461,23.4200
1628162116841000,0,42.67834258,23.4200
1628162116841000,0,68.00000000,23.4200
1628162116841000,0,2.46878577,23.4200
1628162116841000,0,676.48661345,23.4200
1628162116841000,0,427.92426829,23.4300
1628162116841000,0,2.56913051,23.4300
1628162116841000,0,81.11556620,23.4300
1628162120862000,1,10.60000000,23.3700
1628162123644000,1,10.30000000,23.3600
1628162124724000,1,10.00000000,23.3500
1628162157166000,1,10.60000000,23.3500
1628162157688000,1,10.60000000,23.3400
1628162299776000,1,10.60000000,23.3100
1628162325557000,1,10.10000000,23.3100
1628162326163000,1,10.50000000,23.3000
1628162334883000,1,10.20000000,23.2900
1628162391040000,1,10.60000000,23.2900
1628162391040000,1,15.94146000,23.2900
1628162391056000,1,0.00000712,23.2900
1628162407852000,1,10.60000000,23.2800
1628162432263000,1,10.40000000,23.2600
1628162447506000,1,10.10000000,23.2500
1628162471862000,1,10.40000000,23.2400
1628162504315000,1,10.40000000,23.2200
1628162507629000,0,215.30650000,23.2400
1628162538255000,1,15.76949000,23.2500
1628162538267000,1,0.00000454,23.2500
1628162538566000,1,39.41574787,23.2400
1628162560985000,1,149.39990000,23.2200
1628162621078000,1,15.52520000,23.2400
1628162621529000,1,15.52520213,23.2300
1628162702533000,1,10.30000000,23.2500
1628162742660000,0,11.00000000,23.2500
1628162848737000,0,10.00000000,23.2700
1628162966075000,0,215.00213961,23.2700
1628162966075000,0,50.91796039,23.2700
1628163009538000,1,10.30000000,23.3200
1628163011012000,1,10.60000000,23.3100
1628163011098000,1,45.39152031,23.3000
1628163011098000,1,17.69319344,23.3000
1628163011133000,1,0.46671153,23.3000
1628163055813000,1,17.71204375,23.3000
1628163220885000,1,16.15028848,23.2800
1628163258723000,1,10.50000000,23.2800
1628163302233000,1,10.50000000,23.2800
1628163302233000,1,16.07020000,23.2800
1628163313752000,1,15.99320000,23.2800
1628163436258000,1,15.83060000,23.2800
1628163489197000,1,15.67770000,23.2700
1628163489703000,1,10.60000000,23.2600
1628163489703000,1,39.20635979,23.2600
1628163489703000,1,15.68564021,23.2600
1628163493311000,1,0.00008365,23.2600
1628163558114000,0,87.03000000,23.2900
1628163558183000,0,123.27000000,23.2900
1628163601229000,1,15.31902000,23.2900
1628163607234000,1,15.24960000,23.2700
1628163765904000,1,14.98550000,23.2200
1628163766056000,1,0.00003260,23.2200
1628163816660000,1,13.96370000,23.1500
1628163816902000,1,0.00005895,23.1500
1628163818078000,1,254.00000000,23.1400
1628163826664000,0,51.17281957,23.1600
1628163836381000,1,13.38057000,23.1600
1628163840530000,1,13.38050000,23.1400
1628163846575000,1,13.26460658,23.1300
1628163846575000,1,10.39999342,23.1300
1628163848726000,1,13.26460658,23.1200
1628163867527000,1,12.26982000,23.1200
1628163867858000,1,0.00000596,23.1200
1628163870146000,0,12.38000000,23.1100
1628163888987000,1,12.29238564,23.1500
1628163888989000,1,0.00000001,23.1500
1628163907052000,1,10.30000000,23.1500
1628163910223000,1,10.60000000,23.1300
1628163958433000,1,12.16672000,23.1700
1628164146697000,0,6.25000000,23.2600
1628164174094000,1,30.23303145,23.2400
1628164174094000,1,12.09663855,23.2400
1628164212544000,0,1.60258064,23.2500
1628164224233000,1,11.90165000,23.2100
1628164321877000,1,11.79333000,23.1900
1628164360018000,1,304.00000000,23.1600
1628164360199000,1,11.75271762,23.1500
1628164360200000,1,0.00000001,23.1500
1628164360375000,1,200.75677000,23.1400
1628164360475000,1,79.24323000,23.1400
1628164360475000,1,25.75677000,23.1400
1628164360537000,1,3.61842962,23.1400
1628164360537000,1,11.75271763,23.1400
1628164592158000,1,11.74848000,23.1500
1628164645975000,1,11.60438000,23.2000
1628164685157000,0,215.55430000,23.2200
1628164689052000,0,37.31467929,23.2300
1628164804395000,1,180.00000000,23.1600
1628164804479000,1,120.00000000,23.1600
1628164805384000,1,11.74421000,23.1500
1628164810262000,0,51.14000000,23.1700
1628164828581000,1,10.50000000,23.1700
1628164838436000,1,10.40000000,23.1700
1628164864124000,1,10.40000000,23.1700
1628164873605000,1,10.50000000,23.1600
1628164884753000,1,10.30000000,23.1500
1628164923018000,1,10.70000000,23.1400
1628164958897000,1,440.00000000,23.1800
1628164959438000,1,29.69474576,23.1800
1628164959438000,1,11.87789830,23.1800
1628164959969000,1,63.85640937,23.1700
1628164963000000,1,120.00000000,23.1600
1628164963052000,1,96.85564000,23.1600
1628164963574000,1,121.14436000,23.1600
1628164978951000,0,9.64980000,23.1500
1628164979006000,0,0.00005000,23.1500
1628164983995000,0,215.88433530,23.1800
1628164983995000,0,127.84395593,23.1800
1628164983995000,0,51.13520877,23.1800
1628165030403000,1,10.60000000,23.2800
1628165041113000,1,12.09056915,23.2900
1628165041113000,1,10.49999085,23.2900
1628165089852000,1,10.10000000,23.3400
1628165103281000,1,10.20000000,23.3600
1628165103281000,1,12.96367000,23.3600
1628165143115000,1,12.83024781,23.3600
1628165143115000,1,32.07561953,23.3600
1628165194461000,1,100.00000000,23.3500
1628165201743000,1,10.10000000,23.3200
1628165201743000,1,31.53499533,23.3200
1628165201743000,1,12.61590467,23.3200
1628165224606000,1,10.20000000,23.3100
1628165239335000,1,10.70000000,23.3000
1628165290920000,1,10.20000000,23.3600
1628165298105000,1,10.10000000,23.3500
1628165309309000,1,10.10000000,23.3300
1628165331417000,1,10.30000000,23.3500
1628165345599000,0,1.78100000,23.3700
1628165722289000,1,12.95865000,23.2400
1628165813306000,1,11.94618000,23.1600
1628165814821000,1,102.05745140,23.1500
1628165814821000,1,11.94618923,23.1500
1628165835879000,1,10.40000000,23.1600
1628165841373000,1,10.20000000,23.1400
1628165860662000,1,11.18539000,23.1700
1628165876892000,1,10.20000000,23.1700
1628165913842000,1,10.40000000,23.1900
1628165936130000,1,10.70000000,23.1800
1628166019373000,1,10.59021000,23.2000
1628166062179000,1,18.70000000,23.2100
1628166386618000,1,8.00000000,23.2100
1628166386618000,1,10.33350641,23.2000
1628166386618000,1,0.00558659,23.2000
1628166504515000,1,144.52440000,23.1300
1628166505505000,1,0.00002715,23.1300
1628166577310000,0,51.20710000,23.1200
1628166577602000,0,0.00004851,23.1200
1628166601111000,1,90.00000000,23.0900
1628166601167000,1,90.00000000,23.0900
1628166601221000,1,64.24127000,23.0900
1628166601683000,1,0.00000907,23.0900
1628166605711000,0,51.26340000,23.0900
1628166618805000,0,51.26124379,23.1000
1628166631580000,1,6.56866000,23.0900
1628166631854000,1,0.00000498,23.0900
1628166658508000,0,51.25580000,23.1000
1628166815859000,1,205.00000000,23.2000
1628166815883000,1,10.39046112,23.2000
1628166868669000,1,6.81801000,23.1900
1628166890460000,1,6.79441821,23.1400
1628166912552000,1,6.77040000,23.1200
1628166913375000,1,0.00000962,23.1200
1628166913375000,1,16.92602405,23.1100
1628166913375000,1,144.94947785,23.1100
1628166913375000,1,44.00788848,23.1100
1628166954097000,0,51.17358000,23.1300
1628166971608000,0,131.49271000,23.1600
1628167000436000,1,6.67705000,23.1600
1628167000478000,1,0.00000599,23.1600
1628167178108000,1,6.55210000,23.0500
1628167178262000,1,0.00005952,23.0500
1628167178907000,1,6.56125000,23.0400
1628167208182000,0,51.30312456,23.0900
1628167224577000,1,10.50000000,23.0700
1628167240625000,1,6.74747000,23.0600
1628167249873000,1,26.20000000,23.0400
1628167288247000,1,6.84741619,23.0500
1628167352409000,1,11.67028670,23.0200
1628167356622000,1,9.96314341,23.0200
1628167356622000,1,24.90784659,23.0200
1628167364112000,1,9.79471589,23.0000
1628167377244000,1,100.41263000,22.9500
1628167408091000,1,10.18780000,22.9700
1628167414405000,1,0.00000616,22.9500
1628167424983000,1,9.94180000,22.9500
1628167441209000,1,1.98776114,22.9100
1628167441325000,1,7.42400000,22.9100
1628167441350000,1,0.00008775,22.9100
1628167484480000,1,2.17955439,22.8900
1628167484480000,1,8.83674561,22.8900
1628167484617000,1,0.00011454,22.8900
1628167485363000,1,8.84719257,22.8800
1628167485364000,1,0.00000001,22.8800
1628167496747000,1,36.85827000,22.7900
1628167499809000,1,2.19296703,22.7500
1628167503448000,1,37.00440000,22.7000
1628167505012000,1,2.19973544,22.6800
1628167506168000,1,2.20070000,22.6700
1628167506176000,1,0.00000577,22.6700
1628167506211000,1,11.00000000,22.6500
1628167507353000,1,1865.00000000,22.6500
1628167508991000,1,16.60000000,22.6300
1628167522598000,1,60.58159634,22.6000
1628167523613000,0,43.62630000,22.6400
1628167525434000,1,110.00000000,22.6200
1628167526122000,1,49.41840366,22.6000
1628167526122000,1,2.20849933,22.5900
1628167526122000,1,2.77601845,22.5800
1628167535321000,0,10.00000000,22.6300
1628167536160000,0,36.33058000,22.6500
1628167536160000,0,221.19442000,22.6500
1628167536381000,0,36.33050000,22.6500
1628167536385000,0,0.00008000,22.6500
1628167537169000,1,110.00000000,22.6400
1628167538253000,1,110.00000000,22.6200
1628167538453000,1,10.70000000,22.6200
1628167538521000,1,110.00000000,22.6200
1628167541918000,1,10.90000000,22.6100
1628167545281000,1,105.00000000,22.5800
1628167545332000,1,5.00000000,22.5800
1628167548056000,1,110.00000000,22.5600
1628167553787000,1,10.00000000,22.5300
1628167553787000,1,92.05745140,22.5000
1628167554574000,1,110.00000000,22.5100
1628167554574000,1,35.75980069,22.5000
1628167555900000,1,110.00000000,22.5100
1628167556435000,1,110.00000000,22.5100
1628167556839000,1,110.00000000,22.5000
1628167557671000,1,18.07459776,22.5000
1628167572062000,0,36.33050000,22.5200
1628167591415000,0,36.33050000,22.5500
1628167598346000,1,110.00000000,22.5700
1628167633195000,0,10.00000000,22.6400
1628167633475000,0,27.10247000,22.6400
1628167633475000,0,8.00000000,22.6400
1628167636950000,1,37.13527000,22.6200
1628167670378000,0,221.04073780,22.6500
1628167694429000,1,10.70000000,22.6500
1628167709784000,1,10.70000000,22.6700
1628167731972000,0,220.46670000,22.7000
1628167734525000,1,10.60000000,22.6900
1628167735204000,1,10.90000000,22.6800
1628167748779000,1,10.70000000,22.7200
1628167765799000,0,610.45286000,22.6900
1628167765838000,0,0.00000912,22.6900
1628167795634000,0,2.20000000,22.7600
1628167795698000,0,0.00849933,22.7600
1628167802272000,1,8.07942408,22.7700
1628167802272000,1,20.19847592,22.7700
1628167802349000,1,0.00008427,22.7700
1628167803055000,1,8.07940000,22.7600
1628167803109000,1,0.00002408,22.7600
1628167803373000,1,20.21861218,22.7500
1628167803373000,1,52.51749782,22.7500
1628167814366000,0,36.65000000,22.8200
1628167814400000,0,15.20081741,22.8200
1628167818054000,1,7.68178329,22.8100
1628167818054000,1,49.93226671,22.8100
1628167826372000,1,7.57230000,22.8100
1628167834043000,1,7.45653209,22.8100
1628167845817000,0,2.19000000,22.8500
1628167846875000,0,0.00973544,22.8500
1628167847389000,0,2.20000000,22.8700
1628167853427000,0,0.00070000,22.8700
1628167856513000,1,7.62783000,22.8800
1628167866974000,1,22.46699810,22.8700
1628167866974000,1,9.25080190,22.8700
1628167867031000,1,0.00018795,22.8700
1628167867031000,1,218.50158072,22.8600
1628167867031000,1,58.41521540,22.8600
1628167867031000,1,10.00000000,22.8600
1628167882567000,1,10.90000000,22.9000
1628167890116000,0,14.45445187,22.9100
1628167890241000,0,210.00000000,22.9100
1628167890346000,0,25.54554000,22.9100
1628167890503000,0,184.45446000,22.9100
1628167893018000,0,51.62487000,22.9100
1628167896362000,1,7.69504000,22.8900
1628167896383000,1,0.00000695,22.8900
1628167897421000,1,8.21350834,22.8700
1628167897421000,1,19.23157066,22.8700
1628167897451000,0,27.44000000,22.8800
1628167905056000,1,8.04298030,22.8600
1628167919539000,1,8.94630000,22.8600
1628167920686000,1,8.94630000,22.8500
1628167920840000,1,22.47071278,22.8400
1628167920927000,1,8.00000000,22.8400
1628167920927000,1,0.94634079,22.8400
1628167933379000,0,51.71919000,22.8800
1628167933419000,0,0.00000986,22.8800
1628167945098000,1,8.98960000,22.8800
1628167961562000,1,8.93771000,22.9000
1628167972532000,0,51.61000000,22.9300
1628167972566000,0,0.00214998,22.9300
1628167979477000,1,9.09519868,22.9200
1628167979477000,1,22.73590132,22.9200
1628167979906000,1,22.73604129,22.9100
1628167979906000,1,9.10005871,22.9100
1628167979908000,1,0.00006824,22.9100
1628167980206000,1,22.73604129,22.9000
1628167980478000,1,9.10012000,22.9000
1628167986324000,1,10.60000000,22.8900
1628167986415000,1,21.97758807,22.8800
1628167986415000,1,8.78881193,22.8800
1628167986573000,1,0.00015065,22.8800
1628167986573000,1,10.49994935,22.8800
1628167986653000,1,0.00005065,22.8800
1628168001147000,1,9.12984244,22.8800
1628168001698000,1,10.30000000,22.8700
1628168010948000,0,440.00000000,22.8700
1628168011381000,0,51.74000000,22.8700
1628168011413000,0,0.00534670,22.8700
1628168011704000,0,188.44639000,22.8800
1628168011720000,0,147.83943616,22.8800
1628168011720000,0,129.34418370,22.8800
1628168022914000,1,10.80000000,22.9100
1628168028233000,1,10.60000000,22.8900
1628168043609000,1,39.25946028,22.8800
1628168043609000,1,15.71375656,22.8800
1628168043609000,1,7.99988316,22.8800
1628168081472000,1,15.36610000,22.8800
1628168112517000,0,332.00000000,22.9300
1628168120211000,0,2.19296703,22.9500
1628168120211000,0,51.57083297,22.9500
1628168120316000,0,0.00010180,22.9500
1628168120316000,0,17.23609820,22.9600
1628168155076000,1,0.94100000,22.9300
1628168155076000,1,15.86430000,22.9300
1628168167747000,0,110.00000000,22.9300
1628168167747000,0,218.26241995,22.9300
1628168167747000,0,68.60428893,22.9300
1628168167747000,0,129.05668594,22.9300
1628168167747000,0,9.99960518,22.9300
1628168168802000,0,51.62400781,22.9300
1628168168802000,0,129.05668594,22.9300
1628168168802000,0,110.00000000,22.9300
1628168168802000,0,34.30214447,22.9300
1628168168802000,0,218.26241995,22.9300
1628168168802000,0,7.99974183,22.9400
1628168169738000,0,110.00000000,22.9200
1628168169738000,0,39.40100000,22.9200
1628168170742000,0,6.25000000,22.9300
1628168170742000,0,7.99974000,22.9300
1628168170742000,0,218.26241995,22.9300
1628168170742000,0,110.00000000,22.9300
1628168170742000,0,17.15107223,22.9300
1628168170742000,0,142.13766301,22.9400
1628168170742000,0,142.31371418,22.9400
1628168170742000,0,514.65039063,22.9400
1628168171797000,0,218.26241995,22.9300
1628168171797000,0,1787.26960937,22.9400
1628168171797000,0,327.53682754,22.9400
1628168171797000,0,4.85814314,22.9400
1628168173725000,0,105.14185686,22.9400
1628168173725000,0,0.38414314,22.9400
1628168176196000,1,328.03200000,22.9300
1628168178746000,0,100.21071737,22.9300
1628168178746000,0,110.00000000,22.9300
1628168178746000,0,218.25527124,22.9300
1628168179168000,1,382.89801139,22.9300
1628168185706000,1,361.73000000,22.9300
1628168199823000,1,425.58400000,22.9600
1628168201879000,1,70.50600000,22.9600
1628168205745000,0,16.90000000,22.9600
1628168206744000,0,151.49100000,22.9600
1628168207810000,0,66.45691710,22.9600
1628168207901000,1,217.94791710,22.9600
1628168210127000,1,260.97500000,22.9600
1628168210921000,1,217.89200000,22.9600
1628168211865000,1,369.35200000,22.9600
1628168213740000,0,217.89200000,22.9700
1628168214813000,0,0.00048054,22.9700
1628168217509000,1,3.44372324,22.9800
1628168217542000,1,307.73027676,22.9800
1628168217761000,0,43.01262516,22.9700
1628168217761000,0,3.44372324,22.9800
1628168217761000,0,110.00000000,22.9800
1628168217871000,1,151.27392000,22.9800
1628168217937000,1,3.44373160,22.9800
1628168219722000,0,217.79580193,22.9800
1628168220248000,1,309.45219000,22.9800
1628168220381000,1,0.00000807,22.9800
1628168220883000,1,417.01900000,22.9800
1628168223209000,0,43.71030882,22.9900
1628168224602000,0,42.92301000,22.9900
1628168225619000,0,0.92300000,23.0000
1628168226256000,1,8.00000000,22.9900
1628168226809000,0,217.63369991,23.0000
1628168226809000,0,6.00000000,23.0000
1628168226949000,1,8.00030009,23.0000
1628168245794000,0,2.17950000,23.0400
1628168245879000,0,0.00005439,23.0400
1628168248791000,0,51.36435602,23.0500
1628168248799000,0,0.00000001,23.0500
1628168249533000,0,128.40757408,23.0600
1628168249533000,0,43.00520381,23.0600
1628168249533000,0,51.34462211,23.0600
1628168249643000,0,0.00012172,23.0600
1628168250514000,0,51.33182579,23.0700
1628168250514000,0,37.04617421,23.0700
1628168251909000,0,15.82104439,23.0800
1628168253299000,0,15.82100000,23.0900
1628168253472000,0,0.00004439,23.0900
1628168261196000,1,30.20000000,23.0700
1628168279285000,0,14.67022370,23.0900
1628168279285000,0,38.73988335,23.0900
1628168279287000,0,178.04001263,23.0900
1628168280959000,0,216.68710000,23.1200
1628168281768000,0,0.00001701,23.1200
1628168285714000,0,90.00000000,23.1500
1628168285867000,0,126.47040000,23.1500
1628168287585000,0,318.00000000,23.1600
1628168287585000,0,68.28840000,23.1600
1628168289600000,0,43.09580000,23.1600
1628168294860000,1,36.33217000,23.1200
1628168295389000,1,110.00000000,23.1200
1628168295389000,1,971.89664515,23.1100
1628168295938000,1,110.00000000,23.1100
1628168296482000,1,110.00000000,23.1100
1628168298517000,1,16.16253327,23.0900
1628168299060000,1,110.00000000,23.0900
1628168304032000,0,51.25846988,23.1100
1628168304032000,0,128.14273012,23.1100
1628168310018000,1,16.13126167,23.0800
1628168310018000,1,40.96123833,23.0800
1628168310345000,1,16.96989933,23.0700
1628168310345000,1,40.96139390,23.0700
1628168325724000,1,195.00000000,23.0800
1628168325724000,1,10.00000000,23.0800
1628168335117000,1,767.92567912,23.0800
1628168345409000,1,8.00000000,23.0800
1628168346178000,1,16.39467061,23.0700
1628168351081000,1,40.98897536,23.0400
1628168351081000,1,16.33168149,23.0400
1628168354198000,1,14.74641898,23.0300
1628168362212000,1,13.65744928,23.0100
1628168362212000,1,34.14362320,23.0100
1628168367182000,1,12.72646071,22.9900
1628168377675000,1,12.79682307,23.0000
1628168387176000,1,13.12231222,23.0100
1628168402856000,1,12.52766170,23.0400
1628168404244000,1,12.52766169,23.0300
1628168404260000,1,0.00000001,23.0300
1628168412443000,0,51.40000000,23.0200
1628168419917000,0,128.35444446,23.0600
1628168419917000,0,51.31555554,23.0600
1628168419929000,0,0.00972813,23.0600
1628168420237000,0,51.28968000,23.0700
1628168420319000,0,0.00000005,23.0700
1628168425128000,0,51.25360000,23.0900
1628168425150000,0,0.00008168,23.0900
1628168431356000,0,12.76081314,23.1200
1628168432309000,1,14.47395292,23.0900
1628168432309000,1,36.18544708,23.0900
1628168446982000,0,51.15357000,23.1300
1628168458054000,1,15.77414615,23.1100
1628168462514000,1,15.44240000,23.0900
1628168462556000,1,0.00005339,23.0900
1628168463139000,1,37.93642953,23.0800
1628168463139000,1,15.09766005,23.0800
1628168465247000,1,15.09766005,23.0700
1628168485322000,1,36.96376174,23.1000
1628168485322000,1,14.78178465,23.1000
1628168492473000,1,14.77872929,23.0900
1628168516233000,0,43.22490000,23.1600
1628168516438000,0,0.00004538,23.1600
1628168517010000,0,10.00000000,23.1700
1628168535859000,1,10.40000000,23.1900
1628168536633000,1,16.05970000,23.1800
1628168550215000,1,15.33656000,23.2000
1628168550395000,1,0.00000801,23.2000
1628168560520000,1,16.14985639,23.1900
1628168565276000,1,16.14985639,23.1700
1628168579246000,1,15.32621576,23.1800
1628168579246000,1,38.31128424,23.1800
1628168579347000,1,0.00002940,23.1800
1628168579927000,1,15.32620000,23.1700
1628168580014000,1,0.00001576,23.1700
1628168580811000,0,43.16461956,23.1900
1628168580811000,0,8.00000000,23.1900
1628168580811000,0,43.14492097,23.2000
1628168580811000,0,110.00000000,23.2000
1628168580811000,0,51.02520171,23.2000
1628168580811000,0,43.69874838,23.2000
1628168580811000,0,33.69567006,23.2000
1628168580811000,0,127.55640881,23.2000
1628168580811000,0,43.12979487,23.2100
1628168580811000,0,1628.04109845,23.2100
1628168583530000,0,43.17339000,23.2000
1628168595059000,1,37.84666253,23.1700
1628168595059000,1,15.48703747,23.1700
1628168595412000,1,0.00012631,23.1700
1628168633828000,0,43.14000000,23.2000
1628168639279000,1,15.46850000,23.1800
1628168641416000,0,0.00095025,23.2000
1628168650732000,0,43.15151000,23.2100
1628168650782000,0,0.00000463,23.2100
1628168652781000,1,15.38080000,23.2000
1628168661974000,0,50.99730678,23.2000
1628168669108000,1,15.82110000,23.1900
1628168678990000,1,15.49200000,23.1800
1628168684480000,1,13.90740000,23.2100
1628168684484000,1,1.49192592,23.2100
1628168692010000,1,15.25220000,23.2000
1628168696228000,1,15.17340000,23.2000
1628168702693000,1,15.17314917,23.1900
1628168702693000,1,37.93654379,23.1900
1628168702693000,1,10.39990704,23.1900
1628168703034000,1,0.00009296,23.1900
1628168703034000,1,60.99126257,23.1900
1628168703042000,1,37.66566000,23.1900
1628168713873000,1,14.42290000,23.1900
1628168727392000,1,10.50000000,23.1800
1628168743912000,1,176.85700000,23.1400
1628168743912000,1,14.38020000,23.1400
1628168743961000,1,0.00001580,23.1400
1628168745156000,1,176.85700000,23.1300
1628168746117000,1,8.58885348,23.1200
1628168746143000,1,5.79136232,23.1200
1628168746143000,1,10.00000000,23.1200
1628168746143000,1,40.30003756,23.1200
1628168746145000,1,69.69996244,23.1200
1628168746145000,1,93.47461211,23.1100
1628168746145000,1,16.68660231,23.1100
1628168746147000,1,19.27325692,23.1100
1628168746147000,1,10.20000000,23.1000
1628168746147000,1,2.48268297,23.0900
1628168746147000,1,42.92767431,23.0900
1628168746147000,1,122.31536395,23.0900
1628168746161000,1,93.87605839,23.0900
1628168746161000,1,215.98978544,23.0800
1628168746161000,1,432.11854662,23.0700
1628168746161000,1,43.94543091,23.0700
1628168746161000,1,47.31540370,23.0600
1628168746706000,1,47.31540000,23.0700
1628168765607000,1,13.63948906,23.0400
1628168765607000,1,34.10374935,23.0400
1628168774713000,1,13.35560000,23.0500
1628168775163000,1,13.34108078,23.0400
1628168775163000,1,13.35565702,23.0400
1628168795610000,0,0.92600000,23.0600
1628168808007000,1,13.02810000,23.0500
1628168810349000,1,10.50000000,23.0400
1628168810349000,1,32.57037084,23.0400
1628168810349000,1,13.03302916,23.0400
1628168811506000,1,12.97100000,23.0300
1628168841470000,0,51.34000000,23.0500
1628168841471000,0,0.00584940,23.0500
1628168849903000,1,432.00000000,23.0400
1628168853756000,0,5.44552315,23.0500
1628168853822000,0,45.89364053,23.0500
1628168855993000,0,119.42803968,23.0700
1628168856001000,0,67.98857505,23.0700
1628168856072000,0,136.58338527,23.0700
1628168865313000,1,8.00000000,23.0700
1628168955639000,0,0.86800000,23.0700
1628168971081000,0,51.29136000,23.0700
1628168981859000,0,51.24032545,23.1000
1628168984503000,0,51.19908000,23.1200
1628169017312000,0,65.02626560,23.0900
1628169017312000,0,51.26063440,23.0900
1628169017438000,0,0.00011596,23.0900
1628169021834000,1,200.00000000,23.0800
1628169090391000,0,51.39884000,23.0700
1628169090472000,0,0.00000713,23.0700
1628169100593000,0,51.30049000,23.0700
1628169149038000,1,7.37934216,23.0300
1628169152074000,1,14.20944000,23.0200
1628169155627000,0,15.53110412,23.0400
1628169196033000,0,51.47769000,22.9900
1628169197466000,1,86.18700000,22.9700
1628169218530000,1,1.57820000,22.9300
1628169218531000,1,0.00002130,22.9300
1628169247236000,1,141.02581740,22.9400
1628169328093000,1,10.50000000,23.0400
1628169329027000,1,10.80000000,23.0300
1628169337267000,1,10.40000000,23.0100
1628169343045000,1,180.00000000,22.9900
1628169343098000,1,252.00000000,22.9900
1628169535638000,0,0.94100000,22.9000
1628169568873000,1,10.80000000,22.9000
1628169575281000,0,51.68510319,22.9100
1628169575603000,0,1.12700000,22.9200
1628169695979000,0,51.67899000,22.9000
1628169697206000,0,51.66997000,22.9100
1628169947861000,0,65.57340000,22.8900
1628169975639000,0,1.02800000,22.9700
1628169976735000,0,145.87023089,22.9700
1628169984848000,1,10.80000000,22.9600
1628169985223000,1,16.38337000,22.9500
1628170073891000,0,3.00000000,22.9900
1628170108521000,1,10.70000000,22.9300
1628170126950000,1,10.40000000,22.9300
1628170325669000,1,10.50000000,23.0400
1628170427367000,0,10.00000000,23.0500
1628170428801000,0,8.00000000,23.0500
1628170430324000,0,97.81860000,23.0600
1628170528964000,1,16.23750217,23.0200
1628170555342000,0,51.48985565,23.0000
1628170555342000,0,43.52120256,23.0000
1628170555622000,0,108.13857000,23.0100
1628170555686000,0,20.55587492,23.0100
1628170555686000,0,334.56879508,23.0100
1628170968456000,1,148.22370000,22.9900
1628171054426000,0,0.00004303,23.0600
1628171054426000,0,10.99995697,23.0700
1628171169620000,1,17.68714947,22.9900
1628171344797000,0,10.60000000,22.9800
1628171367600000,0,10.70000000,22.9900
1628171659454000,1,217.14371403,23.0100
1628171659454000,1,17.49420347,23.0100
1628171681871000,1,10.79999999,23.0200
1628171681876000,1,0.00000001,23.0200
1628171742046000,0,53.69999999,23.1200
1628171742049000,0,0.00000001,23.1200
1628171743300000,0,53.80000000,23.1400
1628171744342000,0,1.59222462,23.1500
1628171762587000,1,17.21321278,23.1100
1628171773768000,0,48.90000000,23.1700
1628171776362000,1,10.00000000,23.1600
1628171776955000,0,47.50000000,23.1900
1628171776955000,0,110.00000000,23.1900
1628171776955000,0,176.85700000,23.1900
1628171781706000,0,45.00000000,23.1700
1628171781706000,0,110.00000000,23.1800
1628171781706000,0,42.54420008,23.1900
1628171781706000,0,107.95756593,23.1900
1628171781706000,0,43.74999999,23.2000
1628171781706000,0,141.45414143,23.2000
1628171781706000,0,2.44252871,23.2000
1628171781706000,0,107.91346236,23.2000
1628171781706000,0,1184.06000000,23.2000
1628171781756000,1,30.62819202,23.2000
1628171781760000,1,149.01174745,23.2000
1628171781770000,1,405.00000000,23.2000
1628171781774000,1,93.70316464,23.2000
1628171781822000,1,120.76129049,23.2000
1628171795974000,1,52.60000000,23.1200
1628171817622000,0,108.04780000,23.1700
1628171821114000,1,13.50000000,23.1600
1628171826813000,0,10.20000000,23.1700
1628171826813000,0,86.41780000,23.1700
1628171827253000,0,0.00002365,23.1700
1628171833740000,0,86.28660000,23.2000
1628171914898000,0,10.40000000,23.1700
1628171914898000,0,68.08426724,23.1800
1628171915694000,1,10.00000000,23.1400
1628171931110000,1,142.22180077,23.1400
1628171931110000,1,146.56009923,23.1400
1628172030363000,1,58.88000000,23.1800
1628172035387000,1,0.00125000,23.1800
1628172047006000,1,24.00000000,23.1700
1628172115856000,0,2.04235090,23.1400
1628172256626000,1,10.39999999,23.1200
1628172300051000,0,107.89160412,23.1900
1628172310495000,0,10.70000000,23.2400
1628172325785000,0,10.60000000,23.2600
1628172327270000,0,10.60000000,23.2800
1628172328698000,0,1.57820000,23.2900
1628172331188000,0,0.00002130,23.2900
1628172331677000,0,10.20000000,23.3000
1628172331869000,0,1.57300000,23.3200
1628172341941000,0,10.20000000,23.3000
1628172342221000,0,53.40161397,23.3200
1628172342221000,0,54.97458603,23.3200
1628172342330000,0,0.00002794,23.3200
1628172342330000,0,54.97461396,23.3300
1628172342330000,0,54.97461397,23.3300
1628172342330000,0,107.33160787,23.3300
1628172342919000,0,161.69100000,23.3400
1628172348206000,0,50.60857536,23.3900
1628172352210000,0,43.15560000,23.4500
1628172354414000,0,42.97228144,23.4500
1628172354987000,0,2.14580000,23.4700
1628172355632000,0,43.07920000,23.4800
1628172356258000,0,2.14300000,23.5000
1628172362283000,0,10.00000000,23.4900
1628172366665000,0,2.48051485,23.4900
1628172366665000,0,0.00004123,23.5000
1628172366665000,0,0.00667796,23.5000
1628172379920000,0,10.40000000,23.4300
1628172388277000,0,10.50000000,23.4500
1628172391870000,0,10.60000000,23.4800
1628172392252000,0,10.60000000,23.4900
1628172405052000,0,183.31751000,23.4800
1628172405122000,0,232.68249000,23.4800
1628172435952000,0,10.40000000,23.6300
1628172436790000,0,2.48051485,23.6400
1628172439288000,0,10.20000000,23.6600
1628172439288000,0,23.76541522,23.6700
1628172439288000,0,84.65858839,23.6800
1628172439288000,0,125.22897186,23.6800
1628172439463000,1,6.25000000,23.6700
1628172439982000,1,6.25000000,23.6600
1628172445973000,1,276.00000000,23.6200
1628172461351000,0,10.10000000,23.5700
1628172465186000,0,10.50000000,23.5700
1628172469119000,0,10.10000000,23.5800
1628172502790000,0,10.00000000,23.5400
1628172528032000,0,10.10000000,23.5700
1628172530192000,0,8.26234425,23.6100
1628172530231000,0,7.39307423,23.6100
1628172530300000,0,15.18512389,23.6100
1628172530308000,0,53.14602432,23.6100
1628172530320000,0,103.55321174,23.6100
1628172530421000,0,7.97620180,23.6100
1628172530477000,0,43.72654521,23.6100
1628172530575000,0,100.75740000,23.6100
1628172530605000,0,0.00007456,23.6100
1628172535013000,1,440.00000000,23.6000
1628172535031000,1,4.00000000,23.6000
1628172555895000,0,10.10000000,23.6000
1628172619054000,0,10.20000000,23.5900
1628172634763000,0,49.90000000,23.5500
1628172647384000,0,86.29769000,23.5600
1628172659085000,0,50.52273043,23.6200
1628172659197000,0,54.00708506,23.6200
1628172659231000,0,20.86425187,23.6200
1628172659231000,0,50.14657042,23.6200
1628172672476000,0,36.26350000,23.6600
1628172760114000,0,10.40000000,23.8200
1628172765968000,1,10.00000000,23.8700
1628172787079000,0,9.90000000,23.8400
1628172793382000,1,7.84000000,23.8400
1628172815040000,0,9.90000000,23.8700
1628172829762000,1,15.99736917,23.8500
1628172831351000,1,15.99736917,23.8300
1628172831351000,1,9.89999083,23.8300
1628172831859000,1,0.00000917,23.8300
1628172849429000,0,2.40352348,23.8400
1628172884941000,0,36.21396605,23.8800
1628172898373000,1,10.10000000,23.9000
1628172898373000,1,15.75730000,23.9000
1628172898447000,1,0.00007539,23.9000
1628172898531000,1,39.39950000,23.8900
1628172919060000,0,18.10698000,23.9700
1628172920544000,0,50.16816000,23.9800
1628172920866000,0,23.55136000,23.9800
1628172920936000,0,180.28048000,23.9800
1628172927290000,0,36.21396605,24.0600
1628172927290000,0,2.09270134,24.0700
1628172927290000,0,56.66475511,24.0700
1628172931063000,0,2.09007120,24.0800
1628172931063000,0,2.08732880,24.1000
1628172937643000,1,16.20000000,24.0200
1628172941758000,0,10.20000000,24.0400
1628172954982000,1,10.20000000,24.0400
1628172985617000,1,10.00000000,24.0600
1628172986363000,1,9.90000000,24.0500
1628172989056000,1,9.80000000,24.0400
1628172989636000,1,9.80000000,24.0300
1628172996626000,1,9.90000000,24.0000
1628173020868000,1,1099.85000000,24.0000
1628173021037000,1,208.14800000,23.9900
1628173021039000,1,0.00005151,23.9900
1628173027784000,0,3.11968306,23.9800
1628173068094000,0,10.20000000,23.9300
1628173087838000,1,1.54318280,23.8200
1628173092482000,1,16.22258749,23.7800
1628173097451000,1,4.00000000,23.7100
1628173127415000,0,35.00000000,23.7600
1628173135115000,0,19.20000000,23.7700
1628173137658000,0,11.10000000,23.8000
1628173141327000,0,10.40000000,23.8200
1628173142889000,0,10.30000000,23.8300
1628173144839000,0,71.00000000,23.8600
1628173144881000,0,221.00000000,23.8600
1628173173312000,0,41.46025000,23.9000
1628173180302000,0,9.80000000,23.8800
1628173191688000,0,83.77362000,23.9000
1628173202742000,1,10.20000000,23.8900
1628173211661000,0,9.90000000,23.8600
1628173251999000,0,23.32659000,23.7800
1628173260762000,0,22.90047169,23.7800
1628173260762000,0,57.25044134,23.7800
1628173260762000,0,150.31183697,23.7800
1628173260873000,0,0.00000878,23.7800
1628173264429000,0,9.90000000,23.7900
1628173272163000,0,10.10000000,23.8300
1628173285261000,0,10.30000000,23.7700
1628173313908000,0,10.00000000,23.7500
1628173314904000,0,1.60000000,23.7600
1628173338629000,1,9.90000000,23.6800
1628173387557000,0,10.00000000,23.6700
1628173387920000,0,4.00000000,23.6700
1628173387920000,0,110.00000000,23.6800
1628173387920000,0,6.30000000,23.6800
1628173487213000,0,52.20000000,23.7200
1628173546916000,0,9.46605000,23.6700
1628173554607000,1,6.69000000,23.6500
1628173556875000,1,0.00550000,23.6500
1628173560273000,1,2.99119999,23.6000
1628173616811000,0,10.50000000,23.6200
1628173616811000,0,1.59220000,23.6200
1628173616876000,0,0.00002462,23.6200
1628173620249000,1,9.89999999,23.6200
1628173620265000,1,0.00000001,23.6200
1628173799181000,1,10.20000000,23.6400
1628173816354000,1,15.91679549,23.6600
1628173816858000,1,61.62495833,23.6500
1628173816860000,1,36.05676115,23.6500
1628173817029000,1,296.31828052,23.6500
1628173817029000,1,15.92776948,23.6500
1628173834280000,1,15.80300000,23.6000
1628173856363000,0,10.20000000,23.6300
1628173878120000,1,15.95569886,23.6500
1628173878120000,1,211.21190114,23.6500
1628173880479000,0,7.71034000,23.6500
1628173884421000,1,10.10000000,23.6400
1628173911339000,1,10.00000000,23.6500
1628173916248000,1,15.66064999,23.6300
1628173918868000,1,10.00000000,23.6200
1628173942262000,1,26.92000000,23.6300
1628173971405000,1,15.53699999,23.6500
1628173971407000,1,0.00000001,23.6500
1628174054724000,1,15.99379000,23.7000
1628174066133000,0,1.65583499,23.7400
1628174066137000,0,0.00000001,23.7400
1628174075132000,0,9.90000000,23.7700
1628174088697000,0,1.79382200,23.7700
1628174090857000,0,1.34530000,23.7800
1628174091013000,0,0.00006600,23.7800
1628174114232000,1,1.57430000,23.8000
1628174114308000,1,0.00006974,23.8000
1628174116597000,1,13.20500000,23.7900
1628174117434000,1,13.73900000,23.7800
1628174125027000,1,13.07400000,23.7700
1628174125027000,1,15.78612000,23.7700
1628174161498000,1,15.68620000,23.8100
1628174161708000,1,0.00005133,23.8100
1628174164344000,1,15.68620000,23.8000
1628174164383000,1,0.00005133,23.8000
1628174164887000,1,15.61595288,23.7900
1628174174514000,1,14.45657000,23.7900
1628174180812000,1,14.39540000,23.7800
1628174193432000,1,14.26460000,23.7600
1628174194516000,1,14.26880000,23.7500
1628174194581000,1,0.00000877,23.7500
1628174225115000,1,14.69928000,23.7500
1628174225329000,1,0.00000146,23.7500
1628174225595000,1,36.75781459,23.7400
1628174225595000,1,14.69928146,23.7400
1628174229364000,0,9.90000000,23.7600
1628174229510000,0,39.95808259,23.7600
1628174234916000,1,14.36680000,23.7400
1628174239324000,1,14.87880000,23.7200
1628174239527000,1,0.00003416,23.7200
1628174241435000,1,14.81780000,23.7100
1628174277916000,0,42.27693000,23.7600
1628174277931000,0,0.00000601,23.7600
1628174302068000,0,10.09999999,23.8000
1628174311661000,1,16.95200000,23.7900
1628174328714000,1,16.84814000,23.8000
1628174431536000,1,16.73404607,23.8500
1628174450006000,1,41.62802348,23.8400
1628174450006000,1,16.66032602,23.8400
1628174510160000,0,10.20000000,23.9600
1628174538324000,1,15.42243243,23.9800
1628174538324000,1,38.55119609,23.9800
1628174558383000,1,37.96116314,23.8900
1628174558383000,1,15.18127198,23.8900
1628174568656000,0,10.40000000,23.9000
1628174583339000,1,19.17193932,23.9100
1628174609756000,1,10.10000000,23.9300
1628174624506000,1,17.43153000,23.9500
1628174625649000,1,10.40000000,23.9400
1628174644922000,1,10.30000000,23.9400
1628174645534000,1,11.89224486,23.9200
1628174672013000,1,43.34093335,23.8400
1628174672013000,1,17.34006665,23.8400
1628174749434000,1,15.10810148,23.7900
1628174749662000,1,1.42134714,23.7900
1628174780561000,1,16.47137000,23.7700
1628174780623000,1,0.00000295,23.7700
1628174781110000,1,16.48036754,23.7600
1628174790023000,0,10.10000000,23.7600
1628174790604000,0,10.20000000,23.7700
1628174798369000,0,10.20000000,23.7800
1628174801752000,0,10.20000000,23.7900
1628174806825000,0,9.90000000,23.8000
1628174849900000,0,49.63709000,23.8600
1628174850152000,0,0.00000544,23.8600
1628174850152000,0,26.25219456,23.8700
1628174850167000,0,23.36617649,23.8700
1628174850261000,0,322.52760000,23.8800
1628174850413000,0,49.61830000,23.8800
1628174869597000,1,2.09385521,23.8700
1628174876446000,1,10.40000000,23.8700
1628174889422000,0,10.30000000,23.9000
1628174889422000,0,104.72792840,23.9000
1628174889422000,0,151.26926714,23.9000
1628174897053000,1,1.00900000,23.8900
1628174954842000,1,8.06463586,23.9000
1628174988185000,0,10.09999999,23.8900
1628174988315000,0,0.00000001,23.8900
1628175012076000,0,9.90000000,23.9500
1628175045902000,1,11.40000000,23.9400
1628175052398000,0,49.47494000,23.9400
1628175063947000,1,9.80000000,23.9300
1628175106023000,1,145.51000000,23.9100
1628175151916000,0,83.16088591,23.9300
1628175154176000,1,51.70000000,23.9000
1628175162018000,1,5.00000000,23.8800
1628175166161000,0,5.19322459,23.9100
1628175177916000,1,15.76445117,23.8400
1628175177916000,1,35.58572704,23.8400
1628175177919000,1,16.31427296,23.8400
1628175177986000,1,10.00000000,23.8300
1628175178134000,1,39.41112795,23.8200
1628175178134000,1,9.99997205,23.8200
1628175178138000,1,92.47413490,23.8200
1628175178260000,1,15.78349465,23.8200
1628175178305000,0,45.99824208,23.8200
1628175178662000,1,51.80000000,23.8100
1628175182940000,0,10.00000000,23.8300
1628175203714000,1,52.20000000,23.8500
1628175211667000,1,52.30000000,23.8400
1628175217618000,0,49.65677000,23.8400
1628175247717000,1,52.00000000,23.8500
1628175249451000,1,51.80000000,23.8400
1628175249772000,1,37.71842036,23.8300
1628175249772000,1,15.08077964,23.8300
1628175250788000,1,52.20000000,23.8300
1628175288081000,1,43.50000000,23.8400
1628175292969000,1,29.90000000,23.8400
1628175294019000,1,14.42217573,23.8300
1628175294019000,1,23.49992427,23.8300
1628175333466000,1,10.10000000,23.8600
1628175348716000,0,10.00000000,23.8700
1628175349848000,0,2.00000000,23.8900
1628175400827000,0,10.10000000,23.9100
1628175451858000,0,11.80522784,23.9400
1628175451860000,0,30.57990164,23.9400
1628175452047000,0,49.45079659,23.9500
1628175537916000,0,49.44087000,23.9500
1628175540866000,1,9.89999999,23.9400
1628175540871000,1,0.00000001,23.9400
1628175593360000,0,49.41281375,23.9700
1628175605543000,1,38.25546116,23.9600
1628175605812000,1,38.25546116,23.9500
1628175605812000,1,15.30213884,23.9500
1628175613212000,0,9.80000000,23.9500
1628175617491000,0,9.90000000,23.9600
1628175633262000,1,21.77000000,23.9200
1628175633349000,1,286.23000000,23.9200
1628175645154000,1,9.80000000,23.9000
1628175647065000,1,10.30000000,23.8900
1628175656746000,1,10.29999999,23.8700
1628175656747000,1,0.00000001,23.8700
1628175656748000,1,42.26320200,23.8600
1628175656748000,1,13.09928022,23.8600
1628175656749000,1,25.74152088,23.8600
1628175656754000,1,25.01793421,23.8600
1628175656823000,1,9.03271648,23.8600
1628175656824000,1,28.54334971,23.8600
1628175656824000,1,1.74619598,23.8600
1628175656831000,1,13.28420804,23.8600
1628175656831000,1,10.00000000,23.8600
1628175656873000,1,209.35910198,23.8500
1628175657106000,1,15.03040000,23.8500
1628175657157000,1,0.00000402,23.8500
1628175657350000,1,2.61298089,23.8400
1628175657357000,1,9.81065425,23.8400
1628175657363000,1,25.15243105,23.8400
1628175657363000,1,17.05335835,23.8400
1628175657363000,1,80.70074702,23.8400
1628175672474000,0,10.00000000,23.8300
1628175677384000,0,49.65883000,23.8400
1628175705179000,1,10.58000000,23.8000
1628175705363000,1,0.00142600,23.8000
1628175708623000,0,49.72921000,23.8000
1628175708771000,0,0.00000077,23.8000
1628175721557000,1,7.15000000,23.7800
1628175726982000,0,49.74677000,23.8000
1628175726996000,0,0.00000214,23.8000
1628175727554000,0,49.71166000,23.8100
1628175739496000,1,0.00906500,23.7800
1628175739496000,1,14.95272985,23.7800
1628175764696000,0,49.72547000,23.8100
1628175781418000,1,10.00000000,23.7600
1628175783223000,0,49.81717560,23.7600
1628175783223000,0,10.19999440,23.7600
1628175804864000,0,49.85033612,23.7500
1628175806071000,0,49.82430000,23.7600
1628175823886000,0,49.80732000,23.7700
1628175828422000,0,10.65858000,23.7900
1628175838454000,1,28.70000000,23.7700
1628175843186000,0,49.76290000,23.7900
1628175843232000,0,0.00002004,23.7900
1628175862051000,1,13.73877194,23.8000
1628175903721000,1,2.77167938,23.8100
1628175923517000,1,5.69100000,23.7800
1628175931632000,1,9.32186529,23.7700
1628175931643000,1,28.49168633,23.7700
1628175931643000,1,15.13125194,23.7700
1628175932596000,1,15.13125194,23.7600
1628175937242000,0,10.30000000,23.7700
1628175946936000,0,10.40000000,23.7800
1628175947375000,0,49.75476174,23.7900
1628175948131000,0,49.72004000,23.8000
1628175971692000,1,35.93496546,23.7800
1628175971692000,1,14.37108735,23.7800
1628175971692000,1,9.89998719,23.7800
1628175972763000,1,0.00001281,23.7800
1628176038795000,1,3.20100000,23.7700
1628176072701000,0,10.20000000,23.7800
1628176072701000,0,49.78280000,23.7800
1628176072754000,0,0.00006087,23.7800
1628176073391000,0,49.76025000,23.7900
1628176080594000,0,10.39999999,23.7900
1628176165131000,0,10.00000000,23.8100
1628176177927000,0,52.30000000,23.8200
1628176204269000,1,14.28400000,23.8200
1628176226427000,0,23.80000000,23.8500
1628176232469000,0,22.00000000,23.8700
1628176248047000,1,14.86716000,23.8700
1628176254269000,0,49.53089000,23.9100
1628176269958000,0,10.20000000,23.9100
1628176272429000,0,49.50770000,23.9300
1628176275213000,0,9.90000000,23.9400
1628176292238000,0,10.39999999,23.9100
1628176292459000,0,0.00000001,23.9100
1628176296011000,1,15.14571000,23.9000
1628176305427000,0,9.80000000,23.9100
1628176360664000,0,1.09991638,23.9100
1628176360749000,0,40.99544120,23.9100
1628176360749000,0,96.79431929,23.9100
1628176360752000,0,21.98580237,23.9100
1628176360753000,0,5.06493981,23.9100
1628176360753000,0,49.53776900,23.9100
1628176361249000,0,49.51539066,23.9200
1628176361249000,0,53.69451342,23.9200
1628176361324000,0,70.08980000,23.9200
1628176361334000,0,0.00006845,23.9200
1628176376700000,1,17.90000000,23.9200
1628176429446000,0,20.85947302,23.9100
1628176450101000,1,41.70570000,23.8600
1628176451727000,1,16.48392814,23.8500
1628176483036000,1,10.00000000,23.8600
1628176483117000,0,225.00000000,23.8600
1628176483126000,0,10.30000000,23.8600
1628176538994000,1,9.90000000,23.8800
1628176539542000,1,8.60340269,23.8700
1628176539653000,1,7.72040000,23.8700
1628176539832000,1,0.00008816,23.8700
1628176540903000,1,2.40100000,23.8600
1628176546229000,1,7.89900000,23.8600
1628176584414000,1,16.07835000,23.8800
1628176584474000,1,0.00000474,23.8800
1628176585017000,1,16.07835000,23.8700
1628176585047000,1,0.00000474,23.8700
1628176601247000,1,10.02041875,23.8600
1628176603188000,1,15.93148000,23.8500
1628176603219000,1,0.00000486,23.8500
1628176610713000,1,15.94979738,23.8300
1628176611668000,1,8.00000000,23.8300
1628176619112000,1,15.79895905,23.8100
1628176621114000,1,10.30000000,23.8000
1628176684993000,0,10.20000000,23.8000
1628176685573000,0,11.20000000,23.8100
1628176744163000,0,9.90000000,23.8100
1628176748179000,0,10.20000000,23.8200
1628176751008000,0,10.10000000,23.8300
1628176752231000,0,9.80000000,23.8400
1628176762495000,0,9.90000000,23.8400
1628176814378000,0,91.29968000,23.8700
1628176814414000,0,67.30000000,23.8700
1628176814449000,0,179.40032000,23.8700
1628176876061000,0,10.40000000,23.8500
1628176890910000,0,104.84050821,23.8600
1628176895749000,1,10.30000000,23.8400
1628176895749000,1,15.85907000,23.8400
1628176895793000,1,0.00000749,23.8400
1628176990604000,1,15.81700000,23.7800
1628176991384000,1,15.81708014,23.7700
1628176991517000,1,0.01165578,23.7700
1628176991996000,0,71.34566862,23.7800
1628177014386000,0,10.00000000,23.8100
1628177015479000,0,10.00000000,23.8200
1628177015479000,0,10.00000000,23.8200
1628177089107000,1,16.13956000,23.8400
1628177089894000,1,16.14320000,23.8300
1628177090397000,1,16.14321932,23.8200
1628177113335000,0,10.30000000,23.8200
1628177143217000,0,10.20000000,23.8200
1628177147413000,0,10.00000000,23.8300
1628177157705000,0,10.40000000,23.8400
1628177171273000,0,10.30000000,23.8600
1628177204715000,0,125.71332010,23.8800
1628177204715000,0,55.44480990,23.8800
1628177307076000,0,151.22000000,23.9100
1628177318412000,0,1.80130000,23.9200
1628177320627000,1,15.71485202,23.9100
1628177320627000,1,10.00000000,23.9100
1628177324257000,1,15.71640000,23.9000
1628177331548000,0,0.00009800,23.9200
1628177395685000,1,14.04614486,23.8900
1628177420412000,0,49.57000000,23.9000
1628177420441000,0,0.00186018,23.9000
1628177427327000,0,9.90000000,23.9200
1628177437745000,0,8.00000000,23.9300
1628177457120000,0,9.80000000,23.9500
1628177457120000,0,32.16918684,23.9500
1628177457190000,0,17.29846511,23.9500
1628177525826000,1,13.57044000,23.9500
1628177525946000,1,0.00000282,23.9500
1628177622704000,1,13.40747000,23.8800
1628177622777000,1,0.00000331,23.8800
1628177694533000,0,10.40000000,23.8900
1628177719105000,0,83.67774944,23.9200
1628177719105000,0,9.80000000,23.9200
1628177719105000,0,90.49021991,23.9200
1628177719105000,0,104.67509405,23.9300
1628177719105000,0,113.46348401,23.9300
1628177777442000,1,2.78043247,23.9400
1628177778927000,1,7.11956753,23.9400
1628177780027000,0,49.45750000,23.9500
1628177918599000,1,13.70840000,23.9100
1628177938930000,0,10.00000000,23.9200
1628177988767000,0,110.00000000,23.9300
1628178033864000,1,15.00000000,23.9300
1628178102857000,1,14.66060000,23.9400
1628178114039000,1,36.53221840,23.9100
1628178114039000,1,14.61518160,23.9100
1628178114597000,1,0.00002392,23.9100
1628178115967000,1,14.62572050,23.9000
1628178158491000,1,12.28690000,23.8700
1628178158627000,1,0.00007938,23.8700
1628178162362000,1,12.28697938,23.8500
1628178165437000,1,110.65691213,23.8500
1628178188650000,1,12.92186000,23.8400
1628178188765000,1,0.00000635,23.8400
1628178197695000,1,12.85555000,23.8500
1628178209518000,1,12.79257214,23.8400
1628178213488000,1,10.00000000,23.8200
1628178226786000,1,12.72430000,23.8100
1628178226823000,1,0.00002313,23.8100
1628178249972000,0,118.53000000,23.8600
1628178250499000,0,91.47000000,23.8600
1628178263406000,0,0.00120385,23.8600
1628178276584000,1,31.11808093,23.8700
1628178276584000,1,12.22632907,23.8700
1628178278847000,1,20.00000000,23.8500
1628178278847000,1,10.08116749,23.8500
1628178278878000,1,2.14517203,23.8500
1628178279328000,1,1.35100000,23.8400
1628178303488000,1,11.62385554,23.8400
1628178303810000,1,12.62841191,23.8300
1628178303902000,1,16.43902569,23.8300
1628178303902000,1,11.62912067,23.8300
1628178319132000,1,11.37474295,23.8200
1628178319132000,1,23.57845866,23.8200
1628178340675000,1,11.18076000,23.8600
1628178374681000,1,27.69646856,23.8300
1628178374681000,1,11.08052144,23.8300
1628178414835000,1,27.07898887,23.8200
1628178414835000,1,10.83622113,23.8200
1628178414881000,1,0.00001022,23.8200
1628178433099000,0,209.86439398,23.8400
1628178433099000,0,10.19990602,23.8400
1628178445741000,1,10.63154896,23.8600
1628178454300000,1,10.58007000,23.8500
1628178491307000,1,10.39940000,23.8400
1628178491376000,1,0.00001459,23.8400
1628178492454000,1,10.39941000,23.8300
1628178492514000,1,0.00000459,23.8300
1628178494860000,1,10.39941459,23.8200
1628178504403000,1,12.89950000,23.8100
1628178504405000,1,0.00007759,23.8100
1628178509353000,1,8.00000000,23.8000
1628178525381000,1,12.18600000,23.8000
1628178525461000,1,0.00005271,23.8000
1628178525550000,1,10.30000000,23.7900
1628178525550000,1,79.21112996,23.7900
1628178525550000,1,30.79807623,23.7900
1628178525805000,1,156.11273554,23.7800
1628178525805000,1,41.83347349,23.7800
1628178526187000,1,12.32350000,23.7900
1628178526438000,1,0.00007820,23.7900
1628178526539000,1,55.34761305,23.7800
1628178536403000,1,9.29756000,23.7700
1628178536921000,1,1.01300000,23.7600
1628178537888000,1,2.76415898,23.7600
1628178537889000,1,18.38519091,23.7600
1628178537889000,1,8.53108352,23.7600
1628178542291000,1,3.32473665,23.7500
1628178567719000,1,24.93765854,23.7200
1628178568125000,1,9.98633012,23.7200
1628178575231000,1,9.47242965,23.7000
1628178596388000,1,37.10486000,23.6700
1628178596690000,1,14.84632000,23.6700
1628178599276000,1,14.84431000,23.6600
1628178599513000,1,0.00000460,23.6600
1628178607119000,1,14.44778976,23.6400
1628178607119000,1,36.12710929,23.6400
1628178607119000,1,35.61210095,23.6300
1628178618778000,0,211.51000000,23.6600
1628178618831000,0,0.00888491,23.6600
1628178623345000,1,15.14481133,23.6400
1628178623345000,1,2.49609057,23.6400
1628178623345000,1,35.37623484,23.6400
1628178623345000,1,40.34363011,23.6400
1628178623459000,1,58.12594000,23.6400
1628178627053000,0,10.00000000,23.6400
1628178633909000,0,10.20000000,23.6500
1628178633909000,0,211.59156000,23.6500
1628178635908000,0,11.50000000,23.6600
1628178636233000,0,50.05000000,23.6700
1628178636274000,0,0.00936123,23.6700
1628178636313000,0,50.05000000,23.6700
1628178643954000,1,14.37816000,23.6700
1628178649924000,0,50.08470788,23.6700
1628178649924000,0,7.99999212,23.6700
1628178657125000,1,15.68802000,23.6500
1628178657820000,1,15.69904031,23.6400
1628178659537000,1,15.69904031,23.6300
1628178660216000,1,13.03546723,23.6200
1628178660321000,1,24.80713901,23.6200
1628178660370000,1,1.39215705,23.6200
1628178660370000,1,4.95758684,23.6200
1628178664785000,1,10.43800238,23.6100
1628178664934000,1,4.96608084,23.6100
1628178665750000,1,38.32175053,23.6000
1628178665750000,1,2.52911838,23.6000
1628178665803000,1,12.60600952,23.6000
1628178666508000,1,34.33416165,23.5900
1628178667506000,1,37.78515000,23.5700
1628178670097000,1,42.36510000,23.5200
1628178717607000,0,10.50000000,23.5800
1628178717607000,0,212.19440000,23.5800
1628178724910000,0,0.00002004,23.5800
1628178740426000,0,7.42250000,23.6100
1628178740427000,0,2.67750000,23.6100
1628178752015000,0,1.41750000,23.6800
1628178769466000,1,10.00000000,23.6500
1628178769979000,0,54.62194433,23.6600
1628178769981000,0,134.93051456,23.6600
1628178769987000,0,156.44754111,23.6600
1628178778053000,1,16.17986000,23.6500
1628178778964000,1,1.06300000,23.6400
1628178784822000,1,15.54579536,23.6400
1628178785121000,1,39.65779648,23.6300
1628178785121000,1,15.86290352,23.6300
1628178785641000,1,39.65779648,23.6200
1628178785641000,1,15.86304352,23.6200
1628178791265000,0,10.00000000,23.6200
1628178801812000,0,10.20000000,23.6100
1628178819813000,1,10.00000000,23.5500
1628178834541000,0,42.15952481,23.5700
1628178842234000,0,10.00000000,23.5900
1628178864317000,0,50.08029919,23.6500
1628178874222000,1,17.46252038,23.6000
1628178874222000,1,43.67171962,23.6000
1628178902518000,1,17.17532290,23.5600
1628178902518000,1,0.00000001,23.5600
1628178924949000,0,158.12230000,23.5800
1628178924950000,0,54.13910000,23.5800
1628178927817000,0,10.30000000,23.6100
1628178929715000,0,180.00000000,23.6200
1628178930017000,0,116.00000000,23.6200
1628178956416000,0,10.20000000,23.6400
1628178956416000,0,41.78087000,23.6400
1628178961100000,1,10.30000000,23.6300
1628178974770000,0,42.88000000,23.6400
1628178978895000,0,10.20000000,23.6500
1628178980434000,0,9.90000000,23.6600
1628178995843000,0,0.00004800,23.6800
