timestamp ms,type,amount,price
1622937725465000,1,3.73759632,27.0900
1622937725723000,1,11.26240368,27.0900
1622937734234000,1,4.59413523,27.0600
1622937743262000,1,13.35612550,27.0400
1622937744210000,1,26.16586896,27.0400
1622937758796000,1,73.00000000,27.0200
1622937764799000,1,73.00000000,27.0000
1622937765798000,1,73.00000000,26.9800
1622937774300000,0,104.92374626,27.0000
1622937774300000,0,28.00000000,27.0000
1622937774300000,0,67.07625374,27.0100
1622937783731000,0,1039.65000000,27.0300
1622937783733000,0,115.44000000,27.0300
1622937783749000,0,1743.09000000,27.0300
1622937795852000,0,14.80000000,27.0400
1622937798427000,1,9.92960000,27.0200
1622937803061000,1,0.00007500,27.0200
1622937803492000,1,7.59970000,27.0000
1622937814622000,1,1.28780000,27.0100
1622937824321000,1,0.00009500,27.0100
1622937826890000,1,0.00004500,27.0000
1622937827002000,1,189.93310000,26.9800
1622937845287000,1,5.00000000,26.9900
1622937845824000,1,7.90580000,26.9800
1622937929149000,0,17.53922961,27.0300
1622937929186000,0,23.83228095,27.0300
1622937929204000,0,3.95300000,27.0300
1622937930532000,0,27.67000000,27.0300
1622937930543000,0,0.00548944,27.0300
1622937932076000,0,73.00000000,27.0500
1622937933449000,1,184.83114502,27.0200
1622937948888000,0,73.00000000,27.0000
1622938021332000,0,18.10000000,27.0100
1622938067312000,0,18.40000000,26.9900
1622938078214000,0,18.10000000,27.0000
1622938078214000,0,12.89287504,27.0000
1622938078214000,0,37.16666665,27.0000
1622938078214000,0,114.34025831,27.0000
1622938100607000,1,49.31901246,26.9600
1622938211545000,0,18.40000000,26.9900
1622938212244000,0,37.12328766,27.0100
1622938305662000,0,18.10000000,26.9600
1622938335610000,1,8.78531154,26.9100
1622938335623000,1,25.31413950,26.9100
1622938335673000,1,15.65641016,26.9100
1622938335705000,1,20.60000000,26.9100
1622938358522000,1,72.99999999,26.9000
1622938358611000,1,0.00000001,26.9000
1622938362474000,1,71.54000000,26.9000
1622938364412000,1,1.43080000,26.9000
1622938364655000,1,0.02920000,26.9000
1622938367153000,1,55.83888676,26.8800
1622938423608000,1,5.00000000,26.9000
1622938431194000,1,9.02537274,26.8800
1622938433557000,1,201.83850000,26.8800
1622938581861000,0,31.31740864,26.9100
1622938622999000,0,190.45440000,26.9800
1622938641714000,0,71.54000000,27.0000
1622938655419000,0,1.43080000,27.0000
1622938673724000,1,18.20000000,26.9700
1622938776907000,0,50.00000000,26.9800
1622938826232000,0,193.48140849,26.9900
1622938826232000,0,73.00000000,26.9900
1622938826232000,0,185.44345105,26.9900
1622938826232000,0,18.40000000,26.9900
1622938826232000,0,190.95745281,26.9900
1622938826232000,0,37.33605038,26.9900
1622938826232000,0,194.52529833,27.0000
1622938826232000,0,36.68518517,27.0000
1622938826232000,0,39.00000000,27.0000
1622938826232000,0,185.36980991,27.0000
1622938826232000,0,22.01652214,27.0000
1622938826232000,0,973.79000000,27.0000
1622938826232000,0,1228.46949518,27.0000
1622938826431000,0,154.28820000,26.9900
1622938828321000,0,37.27200000,26.9800
1622938828712000,1,73.00000000,26.9600
1622938846410000,1,37.27200000,26.9400
1622938846721000,1,180.94381466,26.9400
1622938846721000,1,183.43845075,26.9400
1622938862416000,1,15.00707614,26.9600
1622938882552000,1,75.12983470,26.9300
1622938882906000,1,74.32816628,26.9300
1622938883423000,1,29.12024127,26.9200
1622938902841000,1,1.07157610,26.8900
1622938902858000,1,0.02186890,26.8900
1622938909300000,1,292.00000000,26.8800
1622938909349000,1,23.50010586,26.8800
1622938909411000,1,29.12020000,26.8800
1622938909473000,1,145.10907920,26.8800
1622938913409000,1,2.00000000,26.8700
1622938922531000,1,195.75501650,26.8600
1622938922968000,0,1.99442171,26.8900
1622938926541000,1,1.30618013,26.8500
1622938940213000,1,15.00000000,26.8700
1622938955343000,0,18.20000000,26.8800
1622938965604000,1,0.02665674,26.8500
1622938989763000,0,19.80000000,26.8700
1622938992508000,0,18.50000000,26.9000
1622939021638000,0,10.00000000,26.9000
1622939062497000,1,51.58286821,26.8500
1622939066795000,1,5.78415766,26.8500
1622939067071000,1,37.25898443,26.8500
1622939067244000,1,36.87000000,26.8500
1622939067363000,1,17.67000000,26.8500
1622939183959000,0,18.10000000,26.9600
1622939187839000,1,48.48280000,26.9500
1622939205426000,0,73.00000000,26.9900
1622939206048000,0,5.79070000,26.9900
1622939206381000,0,0.00008000,26.9900
1622939207313000,0,18.30000000,27.0000
1622939208834000,0,4.34308500,27.0000
1622939208834000,0,17.99991500,27.0200
1622939211734000,0,3.25000000,27.0100
1622939211738000,0,0.00731400,27.0100
1622939212509000,0,2.44290000,27.0100
1622939213285000,0,0.00008500,27.0100
1622939213285000,0,1.83221500,27.0100
1622939213298000,0,0.00002400,27.0100
1622939214517000,1,1.37417900,27.0200
1622939215225000,0,18.00000000,27.0400
1622939216395000,0,1.03060000,27.0300
1622939317722000,0,0.00003400,27.0300
1622939317722000,0,69.79366600,27.0300
1622939346285000,1,18.40000000,27.0200
1622939346285000,1,10.10271102,27.0100
1622939417713000,1,9.13955963,27.0100
1622939440714000,0,18.10000000,27.0500
1622939440714000,0,3.24855488,27.0500
1622939564289000,1,23.30262520,27.0300
1622939567269000,1,22.60000000,27.0300
1622939609384000,1,71.54000000,27.0400
1622939706013000,1,43.80000000,27.0500
1622939709900000,1,43.70000000,27.0400
1622939747829000,1,7.34250000,27.0500
1622939819185000,0,7.27469905,27.0600
1622939819629000,0,7.39174785,27.0600
1622939856492000,1,33.38284840,27.0600
1622939856601000,1,170.81449000,27.0600
1622939856859000,1,0.00000084,27.0600
1622939879733000,0,14.66630000,27.0700
1622939884932000,1,18.30000000,27.0500
1622940016824000,1,18.20000000,27.0800
1622940016824000,1,104.59087045,27.0800
1622940016849000,1,36.65707629,27.0800
1622940016870000,1,43.06689708,27.0800
1622940038633000,1,17.90000000,27.0600
1622940039740000,1,8.81202764,27.0400
1622940040318000,1,9.30000000,27.0400
1622940157497000,0,31.67015788,27.0700
1622940216936000,1,4.88000000,27.0700
1622940217123000,1,13.42000000,27.0700
1622940224983000,0,10.00016673,27.1000
1622940373801000,0,18.30000000,27.0600
1622940383970000,0,23.37020000,27.0700
1622940384510000,0,170.82148000,27.0700
1622940430098000,1,16.19744030,26.9800
1622940430119000,1,19.65656640,26.9800
1622940436022000,1,20.80589733,26.9700
1622940589210000,1,18.20000000,27.0600
1622940734452000,1,9.77291922,27.0200
1622940734459000,1,8.62708078,27.0200
1622940755679000,1,2.60580000,27.0000
1622940802845000,1,73.00000000,27.0500
1622940802845000,1,1.94000000,27.0500
1622940802883000,1,0.00781609,27.0500
1622940803639000,1,82.60000000,27.0300
1622940803696000,1,23.09963319,27.0300
1622940803772000,1,26.15188099,27.0300
1622940803843000,1,16.88940064,27.0300
1622940804430000,1,73.00000000,27.0300
1622940875512000,1,0.85448505,27.0000
1622940875693000,1,0.01743847,27.0000
1622940876552000,1,9.33560872,26.9800
1622940876552000,1,19.78224439,26.9800
1622940884333000,1,56.30282928,26.9600
1622940895089000,0,18.10000000,27.0100
1622940907246000,0,18.00000000,27.0400
1622940931494000,1,18.40000000,27.0400
1622940931753000,1,10.71780000,27.0400
1622940948311000,1,2.10135590,27.0500
1622941026915000,1,1.88000000,27.0200
1622941026915000,1,0.00543383,27.0200
1622941078605000,1,73.00000000,27.0100
1622941088649000,0,180.00000000,27.0300
1622941088649000,0,112.00000000,27.0300
1622941116755000,1,1.79442564,27.0100
1622941117480000,1,0.03662093,27.0100
1622941134478000,1,73.00000000,26.9800
1622941152913000,1,55.64830392,26.9800
1622941193840000,1,1.34223266,26.9900
1622941193840000,1,18.30000000,26.9700
1622941193840000,1,73.00000000,26.9700
1622941193840000,1,96.10908818,26.9700
1622941204597000,0,73.00000000,27.0200
1622941263466000,0,18.10000000,27.1200
1622941263466000,0,1.53273642,27.1200
1622941266477000,1,79.99950000,27.1000
1622941266826000,1,0.00005233,27.1000
1622941266826000,1,1.78054997,27.1000
1622941266826000,1,80.00000000,27.0900
1622941267725000,1,17.90000000,27.0900
1622941267725000,1,20.39900000,27.0800
1622941288496000,0,73.00000000,27.1100
1622941298007000,0,73.00000000,27.1300
1622941299622000,0,73.00000000,27.1400
1622941311213000,0,73.00000000,27.1200
1622941317173000,0,73.00000000,27.1200
1622941323256000,1,0.87854575,27.1200
1622941323294000,1,0.01792950,27.1200
1622941344564000,0,73.00000000,27.1000
1622941352311000,0,9.23503000,27.0600
1622941352730000,0,0.00000289,27.0600
1622941397955000,1,0.88286496,27.0900
1622941410802000,0,177.81550000,27.1100
1622941428589000,1,5.03232071,27.0900
1622941428641000,1,8.13535858,27.0900
1622941442153000,1,5.03232000,27.0900
1622941442917000,1,18.10000000,27.0700
1622941464945000,1,1.94000000,27.0400
1622941464992000,1,0.00218830,27.0400
1622941472248000,1,9.22168941,27.0300
1622941496054000,0,37.10584751,27.0200
1622941496054000,0,185.23425249,27.0200
1622941497139000,0,0.00010287,27.0200
1622941497139000,0,37.84439713,27.0200
1622941588413000,1,1.86905647,27.0900
1622941592315000,1,9.24898261,27.0800
1622941600621000,0,73.00000000,27.0900
1622941635654000,0,29.81887099,27.1000
1622941635657000,0,43.18112901,27.1000
1622941675550000,0,73.00000000,27.1600
1622941675550000,0,192.73007829,27.1700
1622941675550000,0,151.87352862,27.1700
1622941684819000,1,3.66919816,27.1300
1622941685228000,1,6.10094009,27.1300
1622941686909000,1,8.42986000,27.1300
1622941686918000,1,0.00000175,27.1300
1622941695746000,0,73.00000000,27.1400
1622941695746000,0,37.14812084,27.1400
1622941695746000,0,184.35299643,27.1500
1622941695746000,0,17.90000000,27.1500
1622941695746000,0,37.19337016,27.1500
1622941695746000,0,17.98015975,27.1500
1622941695746000,0,50.35063757,27.1500
1622941712538000,1,9.21468057,27.1100
1622941766345000,1,73.82743575,27.0900
1622941766358000,1,82.60000000,27.0900
1622941851703000,0,61.08400000,27.1900
1622941851898000,0,11.91000000,27.1900
1622941852204000,0,178.09605569,27.2000
1622941896212000,0,18.19353318,27.1500
1622941945727000,0,190.00000000,27.1700
1622941961954000,1,18.30000000,27.1600
1622942014738000,1,6.09000000,27.1600
1622942014768000,1,177.92713691,27.1600
1622942143517000,0,73.00000000,27.1900
1622942227403000,0,184.01901809,27.1900
1622942240005000,0,82.16850000,27.2100
1622942254800000,0,1.33283686,27.2700
1622942254813000,0,0.00000001,27.2700
1622942274804000,1,73.00000000,27.3400
1622942317081000,0,11.11350296,27.3100
1622942331375000,1,73.00000000,27.2700
1622942391522000,0,18.19999999,27.3700
1622942391527000,0,0.00000001,27.3700
1622942477836000,0,57.60588702,27.3800
1622942501305000,0,18.10000000,27.3400
1622942568829000,0,39.50580000,27.3700
1622942600292000,1,73.00000000,27.4800
1622942600292000,1,80.00000000,27.4700
1622942602195000,1,23.40000000,27.4600
1622942602501000,1,1.60000000,27.4500
1622942605675000,1,48.00000000,27.4500
1622942607221000,1,73.00000000,27.4400
1622942607863000,1,16.60000000,27.4200
1622942622150000,1,45.50000000,27.4300
1622942639445000,0,17.99999999,27.4500
1622942656268000,1,10.90000000,27.3900
1622942743542000,1,91.00000000,27.4100
1622942758836000,1,54.18084645,27.3900
1622942794074000,1,14.59260735,27.4100
1622942794126000,1,12.41319888,27.4100
1622942794299000,1,11.48772846,27.4100
1622942795134000,1,11.94000000,27.4000
1622942806916000,1,31.87157292,27.4000
1622942806934000,1,13.14852353,27.4000
1622942806962000,1,15.37990355,27.4000
1622942812493000,1,18.29481429,27.3800
1622942812527000,1,39.10047134,27.3800
1622942812596000,1,9.99999999,27.3800
1622942812950000,1,105.87000001,27.3800
1622942813136000,1,4.63000000,27.3800
1622942813219000,1,15.40537773,27.3800
1622942927496000,1,21.18164354,27.4000
1622943009490000,1,47.30000000,27.3800
1622943022500000,1,23.76425855,27.3700
1622943038353000,0,185.71000000,27.3800
1622943038391000,0,0.00377521,27.3800
1622943043218000,1,6.77276733,27.3400
1622943047450000,1,22.02723267,27.3400
1622943072306000,1,73.00000000,27.4400
1622943072944000,1,17.80000000,27.4200
1622943085026000,1,18.00000000,27.3900
1622943111041000,1,18.20000000,27.4000
1622943119886000,1,18.00000000,27.3800
1622943119889000,1,1.00000000,27.3700
1622943306756000,0,3.64353542,27.3800
1622943312421000,0,2.50635868,27.3900
1622943312544000,0,35.97445254,27.4000
1622943316830000,1,73.00000000,27.4200
1622943333498000,1,17.80000000,27.4100
1622943334103000,1,13.21259631,27.3900
1622943334809000,1,55.20000000,27.3900
1622943366132000,1,18.00000000,27.3700
1622943396766000,1,18.10000000,27.3700
1622943462807000,0,182.71469000,27.3900
1622943500095000,0,0.00000372,27.3900
1622943528022000,1,22.74000000,27.3400
1622943555418000,1,6.53007240,27.3300
1622943555822000,1,2.00000000,27.3300
1622943623500000,0,91.40000000,27.3300
1622943652568000,0,744.15000000,27.3200
1622943652569000,0,595.70000000,27.3200
1622943652605000,0,673.26985428,27.3200
1622943694176000,1,31.27000000,27.3000
1622943697360000,1,1.80970000,27.3000
1622943702998000,1,0.00007500,27.3000
1622943782801000,0,73.00000000,27.3700
1622943791673000,0,71.54000000,27.3800
1622943891545000,0,1.46000000,27.3500
1622944323842000,0,72.99999999,27.3500
1622944323846000,0,0.00000001,27.3500
1622944357640000,1,35.30000000,27.3200
1622944406479000,1,73.00000000,27.3500
1622944456615000,1,9.01379951,27.3300
1622944456819000,1,5.84000000,27.3300
1622944456820000,1,58.14620049,27.3300
1622944505593000,1,73.00000000,27.3500
1622944743811000,1,73.00000000,27.3600
1622944758690000,1,73.00000000,27.3400
1622944761476000,1,20.24000000,27.3600
1622944761477000,1,52.76000000,27.3600
1622944764421000,1,62.69000000,27.3600
1622944764432000,1,10.31000000,27.3600
1622944764834000,1,110.69000000,27.3600
1622944764834000,1,7.89000000,27.3600
1622944764834000,1,2.42000000,27.3600
1622944765276000,1,73.00000000,27.3800
1622944766836000,1,46.00000000,27.3900
1622944797858000,0,1.20091160,27.4600
1622944799845000,1,73.00000000,27.4400
1622944805196000,0,80.00000000,27.4600
1622944805343000,1,47.37567187,27.4600
1622944808193000,1,73.00000000,27.4400
1622944813320000,1,13.60770000,27.4400
1622944813322000,1,0.00000026,27.4400
1622944814340000,1,7.44625000,27.4400
1622944814362000,1,0.00000493,27.4400
1622944832161000,1,73.00000000,27.4100
1622944833271000,0,53.44816752,27.4200
1622944833483000,1,197.73496149,27.3800
1622944837284000,0,19.55183248,27.4200
1622944837284000,0,17.90000000,27.4200
1622944837284000,0,12.76034965,27.4200
1622944838212000,1,73.00000000,27.3800
1622944846677000,1,90.80000000,27.4000
1622944846677000,1,128.76751776,27.3900
1622944846677000,1,73.00000000,27.3900
1622944846677000,1,64.19248224,27.3900
1622944846696000,1,90.80751776,27.3900
1622944869263000,0,51.86804064,27.4400
1622944870377000,1,155.25023000,27.4300
1622944870388000,1,0.00000388,27.4300
1622944893835000,1,54.26000000,27.4000
1622944893837000,1,0.00951607,27.4000
1622944896857000,1,14.42906000,27.4000
1622944898703000,1,0.00000960,27.4000
1622944923408000,1,43.61490000,27.3900
1622944925000000,1,0.00005754,27.3900
1622944925000000,1,11.18946246,27.3900
1622944926459000,1,0.00001047,27.3900
1622944926459000,1,72.99998953,27.3900
1622944930936000,1,8.78000000,27.3900
1622944930963000,1,0.00638944,27.3900
1622944969466000,1,45.04512000,27.4100
1622944969609000,1,0.00000706,27.4100
1622944970474000,1,14.18016000,27.4100
1622944970496000,1,0.00000572,27.4100
1622944991537000,0,73.00000000,27.3900
1622944991679000,1,9.15273000,27.3900
1622944991792000,1,0.00000370,27.3900
1622944992434000,1,21.06847242,27.3900
1622945018911000,1,95.82000000,27.3800
1622945018912000,1,0.00995354,27.3800
1622945041528000,1,128.85600000,27.3600
1622945046980000,1,0.00009413,27.3600
1622945064623000,1,18.20000000,27.3300
1622945064623000,1,14.13742745,27.3300
1622945075542000,1,73.00000000,27.3800
1622945075722000,0,188.60529171,27.4100
1622945075722000,0,36.70558189,27.4100
1622945075722000,0,26.97023962,27.4100
1622945075722000,0,39.71888678,27.4100
1622945079718000,1,4.05000000,27.3800
1622945079755000,1,68.95000000,27.3800
1622945092945000,1,116.58340000,27.4000
1622945092949000,1,0.00004588,27.4000
1622945104590000,0,0.92519200,27.4200
1622945104590000,0,50.43364098,27.4200
1622945149473000,1,3.02585110,27.3600
1622945149498000,1,8.04239740,27.3600
1622945149517000,1,7.03175150,27.3600
1622945149517000,1,29.98824849,27.3600
1622945149561000,1,105.67261201,27.3600
1622945149580000,1,31.53000000,27.3600
1622945149611000,1,15.93921055,27.3600
1622945149634000,1,1.00589500,27.3600
1622945282622000,1,18.00000000,27.4000
1622945300091000,1,18.20000000,27.3800
1622945397711000,1,17.90000000,27.3800
1622945407221000,1,55.05390000,27.3700
1622945494026000,1,18.00000000,27.3700
1622945506038000,0,178.75000000,27.3900
1622945506038000,0,0.00384330,27.3900
1622945521949000,0,73.00000000,27.4100
1622945528584000,0,18.05488908,27.4400
1622945571989000,0,7.21821298,27.4300
1622945588631000,0,63.90000000,27.4100
1622945590104000,0,27.15480000,27.4200
1622945940357000,0,7.20916232,27.4500
1622945963901000,1,17.12557390,27.4300
1622945964428000,1,3.39447193,27.4200
1622945964697000,1,6.63652807,27.4200
1622945964936000,1,8.66900000,27.4200
1622946005013000,1,18.00000000,27.4600
1622946079135000,1,17.70000000,27.4200
1622946096962000,0,7.20910000,27.4300
1622946124703000,0,82.47805069,27.4300
1622946127289000,1,4.22000000,27.4100
1622946127390000,1,9.46000000,27.4100
1622946127677000,1,4.22000000,27.4100
1622946222225000,1,18.20000000,27.3900
1622946248433000,1,18.00000000,27.3700
1622946261971000,1,73.00000000,27.3400
1622946267243000,1,71.54000000,27.3400
1622946290017000,1,73.00000000,27.3400
1622946299911000,1,73.00000000,27.3200
1622946346100000,1,187.45395055,27.3400
1622946346207000,1,73.00000000,27.3300
1622946351041000,1,30.08610000,27.3300
1622946645299000,0,55.11863688,27.4100
1622946667833000,0,44.69778711,27.4200
1622946675224000,0,6.71373421,27.4400
1622946679239000,0,10.06434531,27.4600
1622946723517000,1,10.07596406,27.4400
1622946726966000,0,44.69770000,27.4400
1622946783502000,0,183.38926377,27.4700
1622946783502000,0,191.57073623,27.4700
1622946784600000,0,73.00000000,27.4800
1622946840619000,1,17.70000000,27.4700
1622946840796000,1,197.06841779,27.4600
1622946841958000,1,25.60735105,27.4400
1622946841997000,1,6.57837900,27.4400
1622946842036000,1,20.67247375,27.4400
1622946842057000,1,5.26723988,27.4400
1622946842089000,1,17.64950988,27.4400
1622946842188000,1,22.71207237,27.4400
1622946842218000,1,6.69870412,27.4400
1622946842622000,1,82.45964800,27.4400
1622946842705000,0,23.67960000,27.4400
1622946931971000,1,23.67940000,27.4700
1622947232416000,1,195.32000000,27.4400
1622947492257000,1,73.00000000,27.4000
1622947574353000,1,73.00000000,27.4700
1622947652580000,0,36.74545454,27.5000
1622947801902000,1,19.15784414,27.4200
1622947801965000,1,53.84215586,27.4200
1622947939784000,1,72.99990000,27.4600
1622947975549000,1,182.09120000,27.4400
1622948015049000,1,3.00000000,27.4400
1622948114686000,1,73.61311338,27.4300
1622948114908000,1,3.00000000,27.4300
1622948163897000,1,10.19929459,27.3900
1622948298097000,0,90.60000000,27.4600
1622948435323000,1,73.00000000,27.5100
1622948506756000,0,90.40000000,27.4900
1622948509121000,1,73.00000000,27.4800
1622948509360000,1,52.03866416,27.4800
1622948509375000,1,6.66427204,27.4800
1622948509375000,1,91.05294816,27.4800
1622948509559000,1,27.24411000,27.4800
1622948753993000,1,1.69621547,27.4000
1622948768890000,0,13.48000000,27.4300
1622948768895000,0,84.61000000,27.4300
1622948768906000,0,84.34318368,27.4300
1622948769391000,0,194.75787229,27.4400
1622948841936000,1,1.69620000,27.4500
1622948886705000,1,11.79848000,27.4000
1622949081142000,1,5.98819000,27.4800
1622949081210000,1,186.38555125,27.4700
1622949181595000,1,17.79999999,27.4200
1622949236870000,0,73.00000000,27.4300
1622949236870000,0,54.62855716,27.4300
1622949347675000,0,7.22160488,27.4800
1622949437714000,1,5.75766000,27.4300
1622949447513000,0,80.22160000,27.4400
1622949484068000,1,32.84028253,27.3700
1622949484070000,1,41.12133757,27.3700
1622949484113000,1,193.17689815,27.3600
1622949484987000,1,19.40000000,27.3300
1622949484987000,1,37.07861059,27.3200
1622949484987000,1,147.71872865,27.3100
1622949486659000,1,18.00000000,27.3100
1622949490506000,0,18.00000000,27.3400
1622949490506000,0,17.90000000,27.3500
1622949490506000,0,37.10000000,27.3500
1622949492952000,1,1.33235594,27.2800
1622949492952000,1,499.40314406,27.2800
1622949495257000,1,500.59685594,27.2800
1622949495257000,1,61.52806288,27.2800
1622949496103000,0,9.01463469,27.3100
1622949496911000,0,73.00000000,27.3000
1622949496911000,0,36.30904429,27.3100
1622949496911000,0,40.69095571,27.3100
1622949502140000,1,6.89528049,27.2800
1622949504499000,1,73.00000000,27.2900
1622949553770000,1,73.00000000,27.3100
1622949572479000,1,73.00000000,27.3100
1622949578423000,1,73.00000000,27.2800
1622949586606000,1,8.22312989,27.2600
1622949586705000,1,64.77687011,27.2600
1622949597252000,1,73.00000000,27.2600
1622949598840000,1,18.06240689,27.2400
1622949598861000,1,54.93759311,27.2400
1622949646518000,1,73.00000000,27.2900
1622949711905000,1,6.55128000,27.3000
1622949722231000,1,55.51700000,27.3400
1622949744241000,1,37.05450000,27.3300
1622949748830000,0,18.08400934,27.3400
1622949811461000,1,17.70000000,27.3200
1622949811461000,1,182.88165884,27.3100
1622949811461000,1,134.07264116,27.3100
1622949811815000,1,37.12925667,27.3100
1622949811815000,1,80.00000000,27.3100
1622949811815000,1,18.09994333,27.3100
1622949817363000,1,0.00005667,27.3100
1622949817363000,1,37.00109849,27.3100
1622949817697000,1,18.20000000,27.3100
1622949823890000,1,10.13200000,27.3000
1622949854364000,1,17.89999999,27.2500
1622949873890000,0,185.92000000,27.2900
1622949925210000,1,72.99999999,27.3000
1622949925215000,1,0.00000001,27.3000
1622949928631000,1,17.80000000,27.2600
1622949929210000,0,73.00000000,27.2800
1622949961601000,0,59.35498819,27.3200
1622949961674000,0,13.64501181,27.3200
1622950146569000,0,73.00000000,27.3400
1622950160881000,0,179.92401169,27.3500
1622950252835000,1,73.00000000,27.4000
1622950257799000,1,18.10000000,27.3900
1622950257799000,1,54.90000000,27.3900
1622950317881000,1,17.80000000,27.3700
1622950317881000,1,11.90238000,27.3700
1622950318609000,1,185.13000000,27.3600
1622950318621000,1,0.00937113,27.3600
1622950461841000,0,183.68600009,27.4400
1622950461841000,0,108.31399991,27.4400
1622950461880000,0,81.28861761,27.4400
1622950492984000,0,73.00000000,27.3900
1622950516666000,1,37.90000000,27.3900
1622950580990000,0,62.82337637,27.4200
1622950590450000,0,5.82462000,27.4100
1622950665316000,1,189.16996224,27.3700
1622950665316000,1,7.01470491,27.3700
1622950690926000,1,5.80619355,27.3600
1622950690926000,1,17.36195075,27.3600
1622950690926000,1,18.12646025,27.3600
1622950690935000,1,28.77562465,27.3600
1622950691163000,1,13.10000190,27.3600
1622950844132000,1,135.82320000,27.3200
1622950846551000,1,50.70000000,27.3200
1622950860912000,0,190.37490000,27.3700
1622950863482000,0,39.96181866,27.3900
1622951092127000,1,5.76562420,27.3700
1622951094719000,1,0.11766580,27.3700
1622951217721000,0,71.54000000,27.4300
1622951217737000,0,1.46000000,27.4300
1622951332453000,0,17.90000000,27.4200
1622951388681000,0,95.06180000,27.4500
1622951438669000,1,5.68273000,27.4000
1622951440222000,1,32.92300000,27.3800
1622951440408000,1,15.51620180,27.3800
1622951513978000,1,6.32846000,27.3600
1622951634321000,1,36.29297100,27.3700
1622951701002000,1,59.53335271,27.3500
1622951701049000,1,13.46664729,27.3500
1622951727099000,1,18.20000000,27.3600
1622951788143000,1,103.23910000,27.3900
1622951852442000,1,19.30000000,27.4000
1622951941716000,1,6.39146000,27.3800
1622951983308000,1,130.00000000,27.3900
1622952002783000,0,73.00000000,27.4300
1622952002783000,0,6.11147580,27.4300
1622952004230000,0,73.00000000,27.4400
1622952005138000,0,73.00000000,27.4500
1622952005713000,0,73.00000000,27.4500
1622952011939000,0,73.00000000,27.4800
1622952012637000,0,73.00000000,27.4900
1622952015060000,0,73.00000000,27.5000
1622952063296000,0,179.25000000,27.5300
1622952063311000,0,0.00767841,27.5300
1622952064049000,0,73.00000000,27.5400
1622952078817000,0,17.70000000,27.5500
1622952102752000,1,6.00000000,27.5500
1622952247467000,1,17.90000000,27.5800
1622952412260000,1,90.00000000,27.5800
1622952417119000,1,9.48892840,27.5800
1622952418062000,1,0.19365160,27.5800
1622952439303000,0,164.10766924,27.5900
1622952444265000,0,181.35256737,27.5900
1622952444265000,0,193.02773263,27.5900
1622952445186000,0,45.91980000,27.5900
1622952446314000,0,73.00000000,27.5800
1622952548795000,1,16.92382750,27.5500
1622952559167000,1,167.47370883,27.5500
1622952559167000,1,124.52629117,27.5500
1622952559190000,1,53.80061169,27.5500
1622952559197000,1,3.93794496,27.5500
1622952559197000,1,17.06205504,27.5500
1622952559222000,1,0.93794496,27.5500
1622952561553000,0,17.92548752,27.5500
1622952590711000,1,17.80000000,27.5300
1622952591703000,1,51.97114077,27.5200
1622952618627000,1,73.00000000,27.5500
1622952738030000,1,5.51760000,27.5400
1622952738250000,1,0.00007000,27.5400
1622952738263000,1,191.51560000,27.5300
1622952738933000,1,8.00779281,27.5300
1622952763306000,1,13.51641522,27.5100
1622952763838000,1,39.16000044,27.5100
1622952763881000,1,20.80000000,27.5100
1622952823600000,1,5.00560000,27.5100
1622952869317000,0,64.53104604,27.5400
1622952883354000,1,12.69440000,27.5100
1622952896632000,1,18.10000000,27.5000
1622952896715000,1,29.16560000,27.4900
1622952920736000,0,33.34000000,27.5200
1622952920760000,0,150.99945929,27.5200
1622952986849000,0,17.60000000,27.5700
1622953157528000,0,73.00000000,27.6100
1622953263381000,1,3.99556332,27.6100
1622953266436000,1,53.65818287,27.6100
1622953267868000,1,13.74625000,27.6100
1622953299857000,0,73.00000000,27.6300
1622953321353000,1,20.30000000,27.6300
1622953321467000,1,5.66921559,27.6300
1622953321486000,1,9.79999999,27.6300
1622953323076000,0,9.77404000,27.6400
1622953346284000,0,17.84766640,27.6400
1622953516992000,1,17.90000000,27.6300
1622953517096000,1,54.70000000,27.6200
1622953517101000,1,34.69722219,27.6200
1622953518929000,1,53.76130754,27.6100
1622953519059000,1,6.31799999,27.6100
1622953527436000,1,53.58942889,27.6100
1622953527486000,1,54.29007712,27.6100
1622953527963000,1,3.62618646,27.6100
1622953565383000,1,73.00000000,27.6400
1622953576156000,1,18.00000000,27.6200
1622953576464000,1,7.19000000,27.6100
1622953578854000,1,73.00000000,27.6200
1622953578981000,1,582.34500000,27.6200
1622953597774000,1,47.14029101,27.6000
1622953620118000,0,191.25442785,27.6400
1622953620983000,1,73.00000000,27.6300
1622953624179000,1,17.60000000,27.6100
1622953624398000,1,120.14020000,27.6000
1622953624438000,1,37.23153447,27.6000
1622953624550000,1,54.39807998,27.6000
1622953628339000,1,111.01118555,27.6000
1622953628339000,1,180.79813070,27.6000
1622953628339000,1,5.22068375,27.6000
1622953628344000,1,0.00411625,27.6000
1622953658881000,1,7.02850221,27.5800
1622953659001000,1,4.60958799,27.5800
1622953659014000,1,15.37595490,27.5800
1622953659153000,1,13.89000000,27.5800
1622953830640000,0,73.00000000,27.6300
1622953921661000,1,73.30001062,27.6400
1622953921690000,1,42.06998938,27.6400
1622953922402000,1,17.50000000,27.6300
1622953922402000,1,4.52540035,27.6300
1622953922529000,1,53.82000000,27.6300
1622953922583000,1,73.26479912,27.6300
1622953939173000,0,73.00000000,27.6400
1622953946581000,1,196.75280053,27.6300
1622953946581000,1,4.27222947,27.6300
1622953946631000,1,0.00000053,27.6300
1622954175213000,0,1.33230000,27.7100
1622954180201000,0,0.00005594,27.7100
1622954228264000,0,146.00000000,27.7400
1622954228264000,0,39.98320000,27.7400
1622954290611000,1,4.79000000,27.7200
1622954290655000,1,0.00304000,27.7200
1622954297463000,1,98.96900000,27.7000
1622954314922000,1,3.56360219,27.6900
1622954315086000,1,29.30494959,27.6900
1622954315858000,1,6.57085138,27.6900
1622954315939000,1,20.86804844,27.6900
1622954325802000,1,301.11930128,27.6900
1622954402513000,1,10.88524712,27.6900
1622954481662000,0,73.00000000,27.7300
1622954482060000,1,73.00000000,27.7300
1622954482137000,1,153.18500000,27.7300
1622954482583000,1,60.10000000,27.7100
1622954529854000,0,35.73179523,27.7400
1622954571107000,1,5.56463000,27.7300
1622954603757000,1,11.50666256,27.7200
1622954680080000,1,10.84991557,27.7400
1622954709604000,1,54.05004822,27.7400
1622954709931000,1,21.29999999,27.7300
1622954775574000,0,110.26830000,27.7900
1622954776971000,1,73.00000000,27.7700
1622954783297000,1,42.03312648,27.7600
1622954783297000,1,53.43060001,27.7600
1622954783318000,1,73.00000000,27.7600
1622954783462000,1,308.96027000,27.7600
1622954783492000,1,0.00000351,27.7600
1622954804617000,1,126.91000000,27.7400
1622954845711000,0,4.85621000,27.7500
1622954852694000,1,17.60000000,27.7400
1622954854243000,0,4.85620000,27.7500
1622954868750000,1,17.60000000,27.7300
1622954889604000,0,180.38342000,27.7400
1622954889608000,0,0.00000933,27.7400
1622954929123000,0,180.17464000,27.7700
1622954929152000,0,0.00000144,27.7700
1622954929833000,0,180.16380000,27.7800
1622955077289000,0,180.23170000,27.7600
1622955077383000,0,0.00000870,27.7600
1622955078494000,0,180.23170000,27.7700
1622955079972000,1,900.69727363,27.7600
1622955080571000,1,73.00000000,27.7600
1622955097139000,1,192.77342978,27.7400
1622955097139000,1,73.00000000,27.7400
1622955097139000,1,151.13500000,27.7400
1622955121025000,1,306.85000000,27.7300
1622955122446000,1,73.00000000,27.7000
1622955163799000,0,180.59728000,27.7100
1622955163960000,0,180.47988242,27.7200
1622955232410000,0,167.53288000,27.7100
1622955300378000,0,17.90000000,27.7200
1622955304419000,1,219.00000000,27.7300
1622955354215000,1,5.36380000,27.6800
1622955360394000,1,0.00004000,27.6800
1622955377059000,1,21.39700000,27.6700
1622955377180000,1,32.07437471,27.6700
1622955383385000,1,93.00000000,27.6700
1622955389619000,1,180.85562529,27.6700
1622955389619000,1,39.39349587,27.6700
1622955390848000,0,161.22100000,27.6700
1622955391052000,1,73.00000000,27.6600
1622955425834000,1,2.85200700,27.6500
1622955429275000,1,70.14000000,27.6500
1622955429286000,1,0.00799300,27.6500
1622955432384000,1,71.54000000,27.6400
1622955432397000,1,1.46000000,27.6400
1622955443612000,1,55.36772621,27.6300
1622955443884000,1,17.63000000,27.6300
1622955443914000,1,0.00227379,27.6300
1622955447191000,1,5.35410000,27.6300
1622955530416000,1,192.96780000,27.6400
1622955531336000,1,138.42540000,27.6300
1622955673185000,1,17.59999999,27.6600
1622955708035000,1,18.00000000,27.6500
1622955708035000,1,274.00000000,27.6500
1622955708136000,1,94.11500000,27.6500
1622955711809000,1,129.33700000,27.6500
1622956017279000,1,117.12959296,27.6200
1622956017284000,1,224.27140704,27.6200
1622956017284000,1,119.95100000,27.6200
1622956083633000,0,292.00000000,27.6300
1622956207827000,0,304.68000000,27.6300
1622956207863000,0,0.00213946,27.6300
1622956237066000,0,180.62471652,27.6500
1622956237066000,0,178.17885638,27.6500
1622956237066000,0,178.69134267,27.6500
1622956237066000,0,176.46330378,27.6500
1622956237066000,0,10.70513062,27.6500
1622956240195000,1,120.04247990,27.6300
1622956285813000,1,338.39000000,27.6500
1622956285838000,1,0.00800000,27.6500
1622956297808000,1,89.95000000,27.6400
1622956297811000,1,0.00300000,27.6400
1622956318705000,1,15.36268546,27.6000
1622956318761000,1,13.15521452,27.6000
1622956348778000,0,10.70510000,27.6300
1622956365867000,0,98.41028000,27.6300
1622956366116000,0,0.00000216,27.6300
1622956432345000,1,13.54167000,27.6000
1622956432345000,1,183.43926935,27.6000
1622956432345000,1,190.63666171,27.6000
1622956433393000,1,71.54000000,27.5900
1622956455628000,1,73.00000000,27.6200
1622956501522000,1,73.00000000,27.5700
1622956592019000,0,76.60975041,27.6400
1622956616067000,1,217.54000000,27.6300
1622956647046000,1,139.45900000,27.6200
1622956647046000,1,152.54100000,27.6200
1622956958008000,1,405.00300000,27.6300
1622956958008000,1,258.93600000,27.6300
1622956958435000,1,90.00000000,27.6200
1622957199839000,0,73.00000000,27.6700
1622957401880000,0,73.00000000,27.7100
1622957468871000,1,12.74214071,27.6900
1622957487154000,1,73.00000000,27.6700
1622957487180000,1,21.43678236,27.6700
1622957487185000,1,46.52105621,27.6700
1622957487512000,1,425.39000000,27.6700
1622957487545000,1,0.00416143,27.6700
1622957500119000,0,215.00000000,27.6800
1622957500119000,0,4.00000000,27.6800
1622957594914000,1,198.98800000,27.6700
1622957594914000,1,14.84939000,27.6700
1622957751399000,1,36.90680029,27.6700
1622957846572000,0,71.42824490,27.7000
1622958131963000,1,202.19262000,27.7300
1622958132013000,1,4.12638000,27.7300
1622958149523000,1,165.96000000,27.7200
1622958149554000,1,421.25600000,27.7200
1622958273413000,0,180.58552000,27.7100
1622958284418000,1,7.29957000,27.7000
1622958295142000,1,191.58000000,27.6800
1622958295164000,1,0.00890592,27.6800
1622958400924000,1,18.68801887,27.7300
1622958401023000,1,71.01198113,27.7300
1622958401023000,1,246.35300000,27.7300
1622958402798000,1,157.50400000,27.7300
1622958407639000,1,90.00000000,27.7100
1622958436947000,0,180.45000000,27.7200
1622958436948000,0,0.00825099,27.7200
1622958545917000,0,180.45570000,27.7300
1622958546025000,0,0.00009336,27.7300
1622958546082000,0,193.18317380,27.7400
1622958604732000,1,5.06000000,27.7200
1622958604748000,1,20.42565400,27.7200
1622958604776000,1,49.05004321,27.7200
1622958604935000,1,3.59002922,27.7200
1622958605169000,1,6.54278037,27.7200
1622958644780000,1,3.77835000,27.7000
1622958694334000,1,66.06524746,27.7300
1622958694336000,1,23.63475254,27.7300
1622958694336000,1,7.23013595,27.7300
1622958694338000,1,38.50954268,27.7300
1622958694344000,1,212.59832137,27.7300
1622958694937000,1,73.00000000,27.7100
1622958718004000,1,73.00000000,27.7000
1622958733401000,0,68.90122566,27.7400
1622958774816000,1,16.90000000,27.7000
1622958774816000,1,127.24100000,27.7000
1622958901034000,1,58.50000000,27.7100
1622959163912000,1,58.50000000,27.7400
1622959185210000,0,0.00000870,27.7700
1622959206073000,1,36.06899028,27.8400
1622959250875000,0,73.00000000,27.9000
1622959266372000,0,73.00000000,27.9000
1622959280926000,0,21.00912060,27.9000
1622959280975000,0,51.99087940,27.9000
1622959300832000,0,5.50000000,27.9400
1622959321493000,1,145.64000000,27.9400
1622959327321000,0,73.00000000,27.9400
1622959352561000,1,80.76619050,27.9000
1622959353208000,1,34.34092353,27.9000
1622959371515000,1,432.77000000,27.9000
1622959371519000,1,0.00888597,27.9000
1622959410131000,1,10.05000000,27.8800
1622959410132000,1,0.00473000,27.8800
1622959410673000,1,29.30000000,27.8700
1622959411119000,1,123.06000000,27.8600
1622959411156000,1,53.30871603,27.8600
1622959411717000,1,20.96634778,27.8500
1622959412665000,0,155.00000000,27.8700
1622959420641000,0,121.53360000,27.8800
1622959421720000,1,73.00000000,27.8700
1622959422892000,1,73.00000000,27.8700
1622959521711000,1,17.80000000,27.8700
1622959573332000,1,17.50000000,27.8800
1622959583626000,1,17.70000000,27.8700
1622959593325000,1,186.45480414,27.8500
1622959593325000,1,183.01943926,27.8500
1622959626336000,1,294.83600000,27.8500
1622959626336000,1,145.21400000,27.8500
1622959626342000,1,0.00400000,27.8500
1622959756832000,1,46.30000000,27.8700
1622959765902000,1,46.70000000,27.8600
1622959804029000,1,26.10000000,27.8400
1622959804119000,0,46.90000000,27.8400
1622959960900000,1,232.49300000,27.8200
1622959960900000,1,59.50700000,27.8200
1622959961109000,1,89.13600000,27.8200
1622959967856000,0,73.00000000,27.8200
1622959996993000,1,6.02000000,27.7500
1622959997000000,1,0.00318000,27.7500
1622960097063000,1,73.00000000,27.7300
1622960124362000,1,71.54000000,27.6800
1622960124379000,1,1.46000000,27.6800
1622960173844000,1,73.00000000,27.6900
1622960188890000,0,180.87323722,27.6700
1622960188992000,1,84.42776278,27.6700
1622960197306000,1,73.00000000,27.6200
1622960199019000,0,73.00000000,27.6400
1622960199186000,1,57.67000000,27.6400
1622960205413000,1,73.00000000,27.6100
1622960208082000,1,1.33804530,27.5900
1622960335994000,1,3.97334000,27.5900
1622960335994000,1,17.99996000,27.5900
1622960336067000,1,0.00004000,27.5900
1622960336067000,1,195.25919325,27.5800
1622960336067000,1,73.42946675,27.5800
1622960404397000,0,176.05000000,27.6300
1622960463663000,0,73.00000000,27.6500
1622960499982000,1,293.04000000,27.6400
1622960500005000,1,0.00600000,27.6400
1622960534898000,0,73.00000000,27.6500
1622960545902000,0,73.00000000,27.6600
1622960558293000,0,73.00000000,27.6700
1622960584583000,1,12.06275740,27.6500
1622960592471000,1,18.00000000,27.6300
1622960594965000,1,102.96200000,27.6200
1622960595804000,0,3.00074000,27.6200
1622960644841000,0,116.06500000,27.5800
1622960645035000,0,73.00000000,27.5800
1622960646201000,1,73.00000000,27.5600
1622960682685000,0,29.93470000,27.5600
1622960734498000,1,30.52325000,27.5200
1622960798283000,1,335.44000000,27.4900
1622960798325000,1,0.00100000,27.4900
1622960800704000,1,73.00000000,27.4800
1622960804232000,1,17.90000000,27.4700
1622960804232000,1,43.33381947,27.4700
1622960804245000,1,10.05852008,27.4700
1622960808868000,0,5.41957787,27.4800
1622960812750000,1,73.00000000,27.4600
1622960812750000,1,85.92366000,27.4600
1622960827529000,1,3.24334000,27.4600
1622960827529000,1,72.99666000,27.4600
1622960827536000,1,0.00334000,27.4600
1622960877838000,0,189.22062079,27.4900
1622960877838000,0,102.77937921,27.4900
1622960890547000,1,178.21331057,27.4500
1622960890547000,1,94.17888943,27.4500
1622960916117000,1,4.46000000,27.4400
1622960916151000,1,0.00110000,27.4400
1622960916455000,1,18.00000000,27.4300
1622960943043000,0,80.00000000,27.3700
1622960943043000,0,73.00000000,27.3800
1622960943043000,0,182.85970787,27.3800
1622960943043000,0,182.80029213,27.3800
1622960944730000,0,73.00000000,27.3700
1622960945161000,0,18.00000000,27.4000
1622960945161000,0,3.50237139,27.4100
1622961008452000,0,73.00000000,27.4400
1622961044216000,1,18.00000000,27.4500
1622961087842000,1,193.50879384,27.4200
1622961087842000,1,18.19990616,27.4200
1622961107627000,1,323.52500000,27.4200
1622961107627000,1,45.54500000,27.4200
1622961107658000,1,40.45500000,27.4200
1622961141417000,1,18.19999999,27.3800
1622961141646000,1,0.00000001,27.3800
1622961143299000,1,142.59640397,27.3600
1622961145036000,0,182.06420000,27.3900
1622961148350000,0,11.48009452,27.4000
1622961151565000,0,25.45570000,27.4000
1622961247774000,1,3.83567000,27.3800
1622961312884000,1,17.99999999,27.4100
1622961333000000,0,73.00000000,27.4200
1622961394921000,1,287.40000000,27.4200
1622961446397000,1,0.00200000,27.4200
1622961446397000,1,100.97800000,27.4200
1622961446401000,1,0.00100000,27.4200
1622961537010000,1,8.90000000,27.4200
1622961537065000,1,8.90000000,27.4200
1622961570658000,1,3.74000000,27.4100
1622961570659000,1,0.00459000,27.4100
1622961578745000,1,17.90000000,27.3900
1622961578745000,1,73.00000000,27.3900
1622961578745000,1,3.13419452,27.3900
1622961724801000,0,18.00000000,27.4200
1622961746992000,0,18.10000000,27.4300
1622962157652000,1,7.18247880,27.4900
1622962157685000,1,0.14658120,27.4900
1622962255881000,1,17.89999999,27.4800
1622962256887000,1,147.96000000,27.4700
1622962256960000,1,0.00700000,27.4700
1622962431033000,0,73.00000000,27.5000
1622962456167000,1,274.95000000,27.4900
1622962456168000,1,0.00700000,27.4900
1622962458102000,1,12.52944691,27.4700
1622962458167000,1,53.90810000,27.4700
1622962458184000,1,28.78064774,27.4700
1622962458207000,1,39.96959589,27.4700
1622962458218000,1,146.02674096,27.4700
1622962458257000,1,277.03246850,27.4700
1622962464026000,0,10.06757682,27.4600
1622962464028000,0,62.93242318,27.4600
1622962498103000,0,145.99990000,27.4500
1622962598687000,0,73.00000000,27.4700
1622962688270000,0,73.00000000,27.4900
1622962718003000,1,5.63058000,27.4900
1622962918169000,1,1.55085174,27.5200
1622962967107000,0,17.90000000,27.5800
1622963042833000,1,2.97316999,27.5700
1622963042833000,1,0.00000001,27.5700
1622963170044000,0,181.44391732,27.5800
1622963170138000,0,52.81182382,27.5800
1622963310802000,1,5.05337163,27.5900
1622963311340000,1,10.97848284,27.5900
1622963320694000,1,250.10000000,27.5900
1622963320696000,1,0.00214553,27.5900
1622963386826000,1,224.75000000,27.5700
1622963386831000,1,315.58300000,27.5700
1622963499519000,1,156.36100000,27.5800
1622963799086000,1,10.81854866,27.5700
1622963807550000,1,99.49000000,27.5900
1622963807610000,1,0.00900000,27.5900
1622963807610000,1,73.00000000,27.5900
1622963970696000,1,17.80000000,27.6100
1622964062534000,1,17.70000000,27.5900
1622964062534000,1,37.50000000,27.5900
1622964141553000,1,17.99999999,27.6000
1622964141555000,1,0.00000001,27.6000
1622964244753000,1,5.46507277,27.6100
1622964245034000,1,3.19639723,27.6100
1622964340398000,1,292.00000000,27.5900
1622964341239000,1,54.20068949,27.5900
1622964341358000,1,65.74431051,27.5900
1622964341358000,1,144.73699949,27.5900
1622964341479000,1,0.00000051,27.5900
1622964353631000,1,17.80000000,27.5400
1622964353631000,1,35.99218655,27.5400
1622964353631000,1,37.00781345,27.5400
1622964477527000,1,72.99990000,27.5800
1622965067423000,0,17.70000000,27.7100
1622965080179000,0,17.70000000,27.7300
1622965157613000,1,5.45983000,27.6700
1622965267146000,0,92.58832011,27.7400
1622965340111000,1,73.00000000,27.7500
1622965366993000,1,17.90000000,27.7400
1622965366993000,1,55.10000000,27.7400
1622965392867000,0,11.52466690,27.7700
1622965562857000,1,73.00000000,27.7200
1622965567805000,1,54.32609447,27.7100
1622965567809000,1,386.47290553,27.7100
1622965567809000,1,73.00000000,27.7100
1622965569019000,1,73.00000000,27.7000
1622965598008000,0,180.46060000,27.7300
1622965616984000,0,180.38850000,27.7400
1622965664173000,1,189.45303311,27.7100
1622965667878000,1,73.00000000,27.7200
1622965765467000,0,195.16000000,27.7800
1622965785774000,1,102.54700000,27.7600
1622966349769000,1,292.00000000,27.7700
1622966413201000,0,35.83181316,27.8300
1622966413203000,0,18.80625747,27.8300
1622966413212000,0,18.36192937,27.8300
1622966413213000,0,37.20000000,27.8400
1622966418478000,0,71.54000000,27.8600
1622966426301000,0,1.43080000,27.8600
1622966426302000,0,0.02920000,27.8600
1622966428190000,0,73.00000000,27.8700
1622966428882000,0,73.00000000,27.8700
1622966430906000,0,73.00000000,27.8700
1622966432389000,0,73.00000000,27.8800
1622966437251000,0,73.00000000,27.8800
1622966438343000,0,71.54000000,27.8800
1622966442348000,0,1.43080000,27.8800
1622966491357000,0,73.00000000,27.9300
1622966491357000,0,623.89592000,27.9300
1622966491517000,0,72.00000000,27.9300
1622966491605000,0,190.02361157,27.9400
1622966491605000,0,185.89298853,27.9400
1622966491605000,0,178.37459248,27.9400
1622966491605000,0,179.15277035,27.9400
1622966515837000,1,27.26171453,27.9100
1622966515954000,1,917.58228547,27.9100
1622966515954000,1,604.08000000,27.9100
1622966516253000,0,285.00000000,27.9100
1622966531598000,1,73.00000000,27.9600
1622966531976000,1,73.00000000,27.9400
1622966532528000,1,184.64000000,27.9300
1622966532530000,1,0.00262639,27.9300
1622966546906000,0,179.01569347,27.9600
1622966546906000,0,46.95500653,27.9600
1622966605633000,0,179.17000000,27.9200
1622966605635000,0,0.00984571,27.9200
1622966606000000,1,73.00000000,27.9200
1622966606341000,1,17.99349819,27.9100
1622966610019000,1,73.00000000,27.8900
1622966618444000,0,17.60000000,27.9000
1622966618444000,0,33.56180580,27.9100
1622966664220000,0,179.19780000,27.9200
1622966707938000,1,11.30200000,27.8800
1622966708065000,1,0.00007000,27.8800
1622966714722000,1,92.58832011,27.8600
1622966722938000,0,47.22259568,27.8700
1622966722946000,0,83.79158648,27.8700
1622966742822000,1,17.50000000,27.9000
1622966973156000,1,135.19130000,27.8900
1622967004039000,0,0.00007750,27.9200
1622967008891000,1,73.00000000,27.9600
1622967071667000,1,73.00000000,27.9200
1622967257788000,1,445.62700000,27.9100
1622967257788000,1,118.45800000,27.9100
1622967265143000,1,73.00000000,27.9000
1622967265143000,1,7.82131634,27.9000
1622967265143000,1,365.87868366,27.8900
1622967266769000,1,62.62270000,27.9000
1622967282254000,1,182.57167127,27.8900
1622967282254000,1,4.20686000,27.8900
1622967282254000,1,73.00000000,27.8900
1622967282254000,1,7.82550474,27.8900
1622967282254000,1,10.00000000,27.8900
1622967284602000,1,83.37730000,27.8800
1622967285051000,1,20.70000000,27.8800
1622967360381000,1,71.54000000,27.9700
1622967364584000,0,73.00000000,27.9700
1622967364584000,0,18.95925661,27.9800
1622967410595000,1,171.59100000,27.9600
1622967445760000,1,84.51400000,27.9400
1622967446325000,1,1.99322276,27.9200
1622967446362000,1,22.47278991,27.9200
1622967452047000,0,1.46000000,27.9400
1622967452355000,0,83.05000000,27.9400
1622967566494000,1,73.00000000,27.9500
1622967566494000,1,73.00000000,27.9300
1622967566494000,1,45.70267060,27.9300
1622967583295000,0,180.04153983,27.9800
1622967646024000,1,14.21195592,27.9600
1622967653620000,1,131.78810000,27.9500
1622967731991000,1,18.76143790,27.9600
1622967789256000,1,26.86796019,27.9600
1622967789393000,1,15.32160191,27.9600
1622968052526000,1,6.20602157,27.9600
1622968052720000,1,40.16000000,27.9600
1622968054379000,1,52.59797000,27.9600
1622968079173000,1,0.00000843,27.9600
1622968084229000,1,68.95000000,27.9400
1622968084237000,1,303.34600000,27.9400
1622968118379000,1,5.69373177,27.9400
1622968237451000,1,5.69370000,27.9500
1622968328598000,0,35.41815582,27.9800
1622968328598000,0,14.58184418,27.9800
1622968347824000,1,194.16800000,27.9500
1622968347824000,1,68.21200000,27.9500
1622968347825000,1,0.00900000,27.9500
1622968502944000,0,292.00000000,27.9600
1622968674834000,0,189.08648767,27.9300
1622968674834000,0,73.00000000,27.9300
1622968675837000,1,73.00000000,27.9300
1622968675937000,1,292.00000000,27.9300
1622968678320000,1,131.29904802,27.9300
1622968678657000,1,11.51377205,27.9300
1622968680807000,1,1230.10000000,27.9300
1622968680809000,1,0.00069226,27.9300
1622968702729000,0,146.00000000,27.9400
1622968779815000,1,177.21721147,27.9200
1622968779815000,1,72.99278853,27.9200
1622968779861000,1,0.00721147,27.9200
1622968780065000,1,110.68247566,27.9100
1622968831689000,1,179.65534740,27.9100
1622968913570000,0,183.96070000,27.9400
1622968930764000,1,72.99990000,27.9300
1622968933887000,1,99.66000000,27.9300
1622968933897000,1,0.00810000,27.9300
1622968934408000,1,11.70687254,27.9100
1622968934420000,1,53.80000000,27.9100
1622968934458000,1,8.72142978,27.9100
1622968934495000,1,53.45291479,27.9100
1622968934499000,1,53.00000000,27.9100
1622968934511000,1,44.70000000,27.9100
1622968934553000,1,5.10369505,27.9100
1622968934558000,1,120.08308784,27.9100
1622969060756000,1,22.75876283,27.8600
1622969060894000,1,144.70955012,27.8600
1622969080664000,1,28.61743725,27.8500
1622969119422000,1,9.78000000,27.8200
1622969119547000,1,0.00755500,27.8200
1622969123913000,1,17.70000000,27.8100
1622969132030000,1,10.91740000,27.8000
1622969217637000,1,214.09000000,27.8200
1622969217647000,1,0.00200000,27.8200
1622969273678000,1,56.91000000,27.8000
1622969277367000,1,2.59000000,27.7900
1622969277376000,1,0.00153600,27.7900
1622969349249000,0,73.00000000,27.8000
1622969382899000,0,1.47359914,27.8200
1622969537379000,0,35.52093919,27.8800
1622969709070000,0,3.78860000,27.9200
1622969725498000,0,0.00006600,27.9200
1622969799128000,0,2.13000000,27.9400
1622969799170000,0,0.00150000,27.9400
1622969803633000,0,2.30860000,27.9400
1622969810780000,1,24.15022551,27.9300
1622969812297000,0,0.00002500,27.9400
1622969812297000,0,72.99997500,27.9400
1622969812351000,0,0.00002500,27.9400
1622969817065000,0,1.73140000,27.9400
1622969819452000,0,0.00006900,27.9400
1622969826063000,0,1.29860100,27.9500
1622969826193000,0,17.30000000,27.9600
1622969827725000,0,0.97395100,27.9600
1622969828061000,0,17.60000000,27.9800
1622969925640000,0,1.33804530,28.0200
1622969926245000,0,183.83981752,28.0300
1622969926245000,0,73.00000000,28.0300
1622969926245000,0,64.71683006,28.0400
1622969935318000,0,71.54000000,28.0500
1622970019816000,0,73.00000000,28.0700
1622970037150000,0,13.36000000,28.0800
1622970037153000,0,59.64000000,28.0800
1622970040632000,0,73.00000000,28.0900
1622970045659000,0,73.00000000,28.1000
1622970155010000,1,241.72500000,28.1900
1622970155312000,1,7.59269132,28.1800
1622970155401000,1,130.00000000,28.1800
1622970155408000,1,240.49030868,28.1800
1622970218221000,0,17.30000000,28.1100
1622970218222000,0,178.00822106,28.1200
1622970218222000,0,186.61620758,28.1200
1622970218222000,0,156.72377136,28.1200
1622970308416000,0,178.07730451,28.1000
1622970355944000,0,178.06725828,28.1100
1622970355944000,0,36.06545712,28.1100
1622970355972000,0,193.94704926,28.1200
1622970355972000,0,193.94212177,28.1200
1622970355973000,0,193.94212178,28.1200
1622970355978000,0,193.94704926,28.1200
1622970355985000,0,172.78330932,28.1200
1622970355987000,0,5.22768152,28.1200
1622970355987000,0,14.77231848,28.1200
1622970355987000,0,20.58330028,28.1200
1622970355987000,0,35.50302168,28.1300
1622970355987000,0,137.85522389,28.1300
1622970356037000,0,178.06725828,28.1100
1622970462318000,1,3.63891131,28.0800
1622970462383000,1,13.56108869,28.0800
1622970715807000,1,253.87000000,28.0400
1622970737328000,1,20.80000000,28.0200
1622970737389000,1,15.20000000,28.0200
1622970737443000,1,53.19700000,28.0200
1622970782782000,1,14.90010000,27.9900
1622970782806000,1,2.91419022,27.9900
1622970782893000,1,5.80000000,27.9900
1622970782914000,1,10.40000000,27.9900
1622970782923000,1,17.66863208,27.9900
1622970783036000,1,23.85052509,27.9900
1622970783080000,1,5.19421357,27.9900
1622970783101000,1,4.61133911,27.9900
1622970836090000,0,36.07710000,27.9900
1622970917729000,0,182.40941901,28.0200
1622970917729000,0,179.41058099,28.0200
1622970917731000,0,0.00472250,28.0200
1622970956344000,0,5.01369986,28.0000
1622971109161000,0,5.01370000,27.9900
1622971688571000,1,464.87400000,27.9200
1622971688571000,1,123.56600000,27.9200
1622971688611000,1,0.00800000,27.9200
1622972045271000,1,91.95925661,27.9300
1622972281885000,1,15.73175920,27.9800
1622972281885000,1,58.00459387,27.9800
1622972281902000,1,22.35203796,27.9800
1622972281911000,1,14.35051345,27.9800
1622972281933000,1,41.49668825,27.9800
1622972281993000,1,8.76500137,27.9800
1622972282014000,1,71.11751744,27.9800
1622972282049000,1,133.09618000,27.9800
1622972282056000,1,61.44670846,27.9800
1622972282056000,1,65.36642226,27.9800
1622972282071000,1,17.03892839,27.9800
1622972282101000,1,30.93064935,27.9800
1622972283344000,1,18.39037221,27.9500
1622972283373000,1,12.71400000,27.9500
1622972283467000,1,29.18162779,27.9500
1622972321851000,1,60.28590000,27.9400
1622972587057000,0,30.00000000,27.9600
1622972942248000,1,67.85792413,27.8500
1622972942425000,1,5.14000000,27.8500
1622972942478000,1,0.00207587,27.8500
1622972990815000,1,13.04594333,27.8300
1622972991659000,1,41.57007186,27.8300
1622973004702000,0,17.90000000,27.8500
1622973219946000,0,17.30000000,27.9300
1622973228950000,1,127.61580000,27.9000
1622973392124000,0,193.17000000,27.9100
1622973392127000,0,0.00307194,27.9100
1622974047990000,0,0.89772000,27.8600
1622974162815000,1,73.00000000,27.8200
1622974494184000,1,73.00000000,27.8100
1622974570828000,1,73.00000000,27.7800
1622974591157000,0,73.00000000,27.7600
1622974659603000,0,73.00000000,27.6700
1622974665661000,0,72.00000000,27.7000
1622974665768000,0,1.00000000,27.7000
1622974820715000,1,73.00000000,27.7200
1622974827610000,1,73.00000000,27.7000
1622974831073000,1,33.98305176,27.7000
1622974874459000,1,36.05906884,27.6900
1622974898574000,0,149.48179242,27.7200
1622974931329000,1,179.98300000,27.7200
1622975088876000,0,17.70000000,27.7600
1622975267645000,1,50.00000000,27.7400
1622975347077000,1,17.90000000,27.7200
1622975352763000,0,1.53475300,27.7400
1622975371892000,1,30.56530000,27.7100
1622975374176000,1,73.00000000,27.7000
1622975476600000,1,17.40000000,27.7100
1622975476639000,1,55.60000000,27.7000
1622975928380000,1,73.00000000,27.6000
1622975975658000,1,73.00000000,27.5800
1622975979529000,1,73.00000000,27.5500
1622976016013000,0,9.65529904,27.6000
1622976016016000,0,63.34470096,27.6000
1622976031930000,0,36.10780000,27.6200
1622976042099000,1,146.00010000,27.6100
1622976300880000,1,10.21245000,27.6300
1622976301130000,1,0.00000023,27.6300
1622976321835000,0,48.14126877,27.6500
1622976321841000,0,24.85873123,27.6500
1622976353789000,0,73.00000000,27.6800
1622976361818000,0,9.49000000,27.6900
1622976361840000,0,63.51000000,27.6900
1622976375404000,0,73.00000000,27.6900
1622976376943000,0,73.00000000,27.6900
1622976377488000,0,73.00000000,27.6900
1622976380730000,0,73.00000000,27.7000
1622976399086000,0,71.54000000,27.7000
1622976404100000,0,1.43080000,27.7000
1622976409154000,0,73.00000000,27.7100
1622976414766000,0,73.00000000,27.7100
1622976419744000,0,73.00000000,27.7100
1622976565853000,0,189.67840000,27.7100
1622976610597000,1,193.62594642,27.6500
1622976625730000,0,187.57896545,27.6900
1622976625730000,0,187.18990445,27.6900
1622976910140000,1,188.08433054,27.6600
1622976910140000,1,27.50566946,27.6600
1622976919968000,0,17.90000000,27.7000
1622977057580000,0,17.80000000,27.6900
1622977084342000,0,180.54269429,27.7100
1622977084342000,0,22.28080571,27.7100
1622977229881000,0,51.08612901,27.7400
1622977231733000,0,73.00000000,27.7500
1622977234935000,0,17.70000000,27.7800
1622977249093000,0,0.83561400,27.8000
1622977249735000,0,0.90524800,27.8000
1622977249735000,0,72.09475200,27.8100
1622977414154000,0,123.18090000,27.7500
1622977415087000,0,11.85590000,27.7500
1622977415389000,0,3.96789094,27.7500
1622977415389000,0,57.17620906,27.7600
1622977544554000,1,3.01397000,27.7000
1622977544719000,1,0.00000300,27.7000
1622977549914000,1,2.26000000,27.7000
1622977549915000,1,0.00035600,27.7000
1622977554908000,1,73.00000000,27.7000
1622977556311000,1,73.00000000,27.6900
1622977576571000,1,1.96206878,27.6900
1622977590433000,1,1.15661364,27.6900
1622977613228000,1,31.20000000,27.6800
1622977627284000,1,73.00000000,27.6700
1622977628966000,1,73.00000000,27.6600
1622977629377000,0,2.66948100,27.6800
1622977637053000,0,1.88981700,27.6700
1622977640888000,1,1.03971826,27.6700
1622977640963000,1,0.02121874,27.6700
1622977852820000,1,10.00000000,27.6500
1622977913686000,1,180.62445049,27.6600
1622977989426000,1,142.57550000,27.6500
1622978077943000,1,55.57752077,27.6700
1622978084469000,1,0.00000001,27.6700
1622978112903000,1,52.90000000,27.6300
1622978136322000,1,17.99999999,27.6200
1622978139698000,1,0.00000001,27.6200
1622978440017000,1,3.98346971,27.5100
1622978552966000,0,15.16191455,27.6100
1622978553096000,0,183.52388392,27.6200
1622978613081000,0,8.52798099,27.6400
1622978613295000,0,64.47201901,27.6400
1622978650156000,1,5.08143237,27.6100
1622978695557000,1,26.99405940,27.6300
1622978707457000,0,54.24195696,27.6600
1622978710370000,0,73.00000000,27.6700
1622978715616000,0,5.96680000,27.6800
1622978722790000,0,54.70000000,27.6800
1622978722967000,0,17.80000000,27.6900
1622978723524000,0,12.34000000,27.6900
1622978724980000,0,59.44680000,27.6900
1622978725301000,0,1.21320000,27.6900
1622978729973000,0,71.54000000,27.6900
1622978731308000,0,1.43080000,27.6900
1622978734146000,0,73.00000000,27.6900
1622978753629000,0,32.40580110,27.6900
1622978762893000,1,160.00000000,27.6800
1622978873489000,0,181.10220000,27.6300
1622978873601000,0,0.00004420,27.6300
1622978873601000,0,17.50000000,27.6400
1622978873601000,0,181.01401337,27.6400
1622978873601000,0,132.66894243,27.6400
1622978924529000,1,2.63000000,27.6200
1622978924529000,1,0.00297510,27.6200
1622979000988000,0,4.99999999,27.6000
1622979000990000,0,0.00000001,27.6000
1622979411333000,0,73.00000000,27.6400
1622979411492000,0,71.54000000,27.6400
1622979464977000,0,14.47319383,27.6300
1622979542315000,1,2500.00000000,27.6200
1622979663310000,1,71.54000000,27.6000
1622979690340000,1,63.64269927,27.5900
1622979709518000,1,189.94000000,27.5700
1622979709519000,1,0.00006732,27.5700
1622979755625000,0,87.47320000,27.6000
1622979784602000,1,90.30000000,27.6300
1622979945087000,1,150.16972091,27.6300
1622979945116000,1,35.64148644,27.6300
1622979945116000,1,183.04003463,27.6300
1622979955618000,1,194.49424992,27.6100
1622979955618000,1,72.99575008,27.6100
1622979955653000,1,0.00424992,27.6100
1622979962713000,1,72.99990000,27.6000
1622979969663000,1,177.45549963,27.5900
1622980153395000,1,101.14188000,27.5600
1622980153430000,1,2.06412000,27.5600
1622980154309000,1,62.80000000,27.5500
1622980610267000,0,17.70000000,27.6000
1622980610267000,0,32.30000000,27.6000
1622980743603000,0,32.30000000,27.5600
1622980911925000,1,18.00000000,27.5000
1622980911925000,1,73.00000000,27.5000
1622980933270000,0,191.24000000,27.5300
1622980933271000,0,0.00289772,27.5300
1622980957933000,0,189.28800987,27.5500
1622980957933000,0,102.71199013,27.5500
1622981064632000,0,16.34000000,27.6000
1622981064634000,0,132.88000000,27.6000
1622981064656000,0,26.96658715,27.6000
1622981064656000,0,73.00000000,27.6000
1622981129684000,1,100.00000000,27.5700
1622981282188000,0,47.20006881,27.6200
1622981282250000,0,6.70000000,27.6200
1622981282336000,0,136.95996747,27.6200
1622981293736000,0,71.54000000,27.6400
1622981293756000,0,1.46000000,27.6400
1622981300081000,0,58.00225914,27.6400
1622981301093000,0,32.48552399,27.6400
1622981315680000,0,18.31780624,27.6400
1622981316392000,0,54.68219376,27.6400
1622981528501000,0,180.92690000,27.6500
1622981548912000,0,17.80000000,27.6800
1622981550541000,0,17.60000000,27.6900
1622981612713000,0,20.16070000,27.6900
1622981650186000,1,73.00000000,27.7000
1622981661629000,0,73.00000000,27.7100
1622981663444000,0,73.00000000,27.7200
1622981672655000,0,17.50000000,27.7300
1622981738447000,0,36.97222222,27.7200
1622981774801000,0,92.47220000,27.7000
1622982062728000,0,17.50000000,27.6700
1622982610484000,1,182.82041286,27.6700
1622982611812000,1,24.73900000,27.6600
1622982611828000,1,48.26100000,27.6600
1622982675787000,1,18.00000000,27.6000
1622983002916000,1,73.00000000,27.6100
1622983432154000,0,1.15869565,27.6000
1622983914602000,1,182.37342698,27.5600
1622983914602000,1,187.94637462,27.5600
1622983914602000,1,184.56943841,27.5600
1622983914659000,0,73.00000000,27.5600
1622983914983000,0,321.13610000,27.5600
1622983915113000,0,180.00000000,27.5600
1622983925526000,1,73.00000000,27.5500
1622983966139000,1,292.00000000,27.5300
1622983966186000,1,292.00000000,27.5300
1622984051519000,1,36.27822285,27.4600
1622984051521000,1,0.00000001,27.4600
1622984442647000,0,18.28761567,27.4600
1622984454241000,0,292.00000000,27.4400
1622984454297000,0,9.25688966,27.4400
1622984455141000,0,5.99814133,27.4400
1622984456886000,0,7.39301709,27.4400
1622984457110000,0,7.17321216,27.4400
1622984457158000,0,72.89396326,27.4400
1622984457339000,0,91.60691848,27.4400
1622984457431000,0,10.07928608,27.4400
1622984457444000,0,42.62111622,27.4400
1622984457650000,0,15.73570482,27.4400
1622984457693000,0,88.48174224,27.4400
1622984457772000,0,125.94937051,27.4400
1622984457805000,0,54.64238721,27.4400
1622984457806000,0,91.01362360,27.4400
1622984457850000,0,37.15027438,27.4400
1622984457915000,0,88.03169721,27.4400
1622984457943000,0,34.29351094,27.4400
1622984458702000,0,48.03000000,27.4400
1622984458726000,0,25.89000000,27.4400
1622984461341000,0,35.16717309,27.4400
1622984461585000,0,29.98000000,27.4400
1622984461588000,0,53.93614228,27.4400
1622984463316000,0,12.61180195,27.4400
1622984463943000,0,4.10474715,27.4400
1622984464049000,0,7.14364014,27.4400
1622984464121000,0,4.35023183,27.4400
1622984464543000,0,8.42268951,27.4400
1622984465878000,0,7.51368381,27.4400
1622984465914000,0,17.15788786,27.4400
1622984469616000,0,17.16000000,27.4400
1622984471097000,0,16.39822171,27.4400
1622984491069000,0,21.11000000,27.4400
1622984491345000,0,11.58000000,27.4400
1622984492199000,0,23.49000000,27.4400
1622984492232000,0,14.90000000,27.4400
1622984492258000,0,39.20000000,27.4400
1622984492407000,0,38.83370745,27.4400
1622984492410000,0,44.43175080,27.4400
1622984492443000,0,53.59999999,27.4400
1622984492539000,0,225.00000000,27.4400
1622984492635000,0,31.29200554,27.4400
1622984493669000,0,3.90764766,27.4500
1622984494058000,0,55.10000001,27.4500
1622984515803000,0,73.00000000,27.4700
1622984515803000,0,182.02943346,27.4700
1622984515821000,0,5.20468232,27.4700
1622984517644000,0,71.54000000,27.4700
1622984519858000,0,1.43080000,27.4700
1622984521929000,0,25.03000000,27.4800
1622984522892000,0,71.54000000,27.4900
1622984544130000,0,185.58020728,27.5000
1622984546865000,0,71.54000000,27.5100
1622984547656000,0,1.43080000,27.5100
1622984633001000,1,36.73335758,27.4900
1622984633001000,1,181.74334041,27.4900
1622984644063000,0,29.26616146,27.5100
1622984644097000,0,32.06767708,27.5100
1622984644337000,0,15.39727735,27.5100
1622984690950000,0,54.20890000,27.5400
1622984690994000,0,31.27991528,27.5400
1622984716412000,0,68.91204101,27.5300
1622984720160000,0,8.51928252,27.5500
1622984720182000,0,73.46143496,27.5500
1622984720209000,0,8.51928252,27.5500
1622984720721000,0,80.38864382,27.5600
1622984720738000,0,5.25875059,27.5600
1622984720763000,0,4.00600000,27.5600
1622984720909000,0,11.06625356,27.5600
1622984720919000,0,11.00000000,27.5600
1622984720962000,0,28.74000000,27.5600
1622984721019000,0,17.64547896,27.5600
1622984721020000,0,17.90000000,27.5600
1622984721166000,0,1.03479079,27.5600
1622984721166000,0,14.39895565,27.5600
1622984721519000,0,76.10100000,27.5600
1622984754137000,0,90.60000000,27.6000
1622984777009000,0,15.71467298,27.6200
1622984777109000,0,54.35352158,27.6200
1622984777225000,0,11.60674705,27.6200
1622984777436000,0,8.62505839,27.6200
1622984777436000,0,13.61906316,27.6200
1622984795305000,0,18.32551148,27.6300
1622984800536000,0,39.18444145,27.6500
1622984886613000,0,90.20000000,27.6600
1622984926011000,0,90.00000000,27.6500
1622984952809000,0,90.20000000,27.6700
1622985015318000,1,4.18000000,27.6400
1622985034216000,1,3.13000000,27.6100
1622985050459000,0,2.18971752,27.6400
1622985050459000,0,31.91388248,27.6400
1622985100078000,1,101.91358926,27.5900
1622985293582000,1,180.04869151,27.5100
1622985293582000,1,187.11780849,27.5100
1622985294423000,1,8.79735062,27.5200
1622985294495000,1,15.39679119,27.5200
1622985359770000,1,24.19390000,27.4600
1622985424617000,0,73.00000000,27.4300
1622985428134000,1,1.82375266,27.4100
1622985472866000,1,397.08000000,27.3700
1622985472876000,1,414.01000000,27.3700
1622985472887000,1,930.38500000,27.3700
1622985474096000,0,71.17630000,27.3800
1622985498940000,1,40.60565723,27.3500
1622985501119000,0,57.48000000,27.3900
1622985501124000,0,135.86229834,27.3900
1622985529059000,1,40.60560000,27.3500
1622985530598000,1,555.00000000,27.3500
1622985530669000,1,262.13540000,27.3500
1622985556338000,0,73.00000000,27.2300
1622985556526000,1,30.00000000,27.2200
1622985561260000,0,43.00000000,27.2500
1622985647363000,1,25.82638696,27.1600
1622985647380000,1,11.20098293,27.1600
1622985680175000,0,192.39198207,27.2200
1622985744586000,0,73.00000000,27.2500
1622985850552000,0,195.05000000,27.2600
1622985850557000,0,0.00060684,27.2600
1622985853053000,0,73.00000000,27.2700
1622985902762000,0,73.00000000,27.2300
1622985925236000,0,73.00000000,27.2400
1622985928240000,0,73.00000000,27.2500
1622985955436000,0,73.00000000,27.2700
1622986040856000,0,55.20362705,27.3000
1622986040907000,0,36.19637295,27.3000
1622986176675000,0,91.10000000,27.3000
1622986176675000,0,200.90000000,27.3000
1622986194586000,0,75.00000000,27.3200
1622986438078000,0,15.03589743,27.3000
1622986468697000,0,10.85476274,27.3000
1622986470623000,0,65.60933983,27.3000
1622986520135000,1,73.00000000,27.3300
1622986551354000,0,40.57669999,27.3400
1622986562731000,0,39.81177750,27.3400
1622986562741000,0,0.81248525,27.3400
1622986572850000,1,73.00000000,27.3300
1622986631382000,1,181.60000000,27.3100
1622986631434000,1,0.00972717,27.3100
1622986670940000,0,14.62755972,27.3200
1622986671006000,0,39.89897141,27.3200
1622986671059000,0,29.78031157,27.3200
1622986671078000,0,7.09315730,27.3200
1622986766185000,1,194.55141913,27.3200
1622986766185000,1,178.30292703,27.3200
1622986797720000,1,15.03589743,27.2600
1622986806362000,0,9.95436012,27.2900
1622986909274000,0,56.71000000,27.2900
1622986909276000,0,56.71000000,27.2900
1622986909337000,0,56.23000000,27.2900
1622986983227000,0,178.21437905,27.2800
1622986983227000,0,67.97571242,27.2800
1622986983237000,0,5.02428758,27.2800
1622987028647000,0,71.54000000,27.3400
1622987028672000,0,1.46000000,27.3400
1622987029657000,0,68.67840000,27.3400
1622987049149000,0,73.00000000,27.3400
1622987074763000,0,27.44000287,27.3100
1622987074771000,0,27.44000287,27.3100
1622987112521000,0,91.20000000,27.3300
1622987137557000,0,73.00000000,27.3400
1622987142954000,1,14.20062000,27.3100
1622987145073000,1,0.00000097,27.3100
1622987162175000,1,31.64600000,27.2500
1622987188539000,1,90.06900000,27.2300
1622987188539000,1,177.74422921,27.2300
1622987190141000,1,20.40000000,27.2000
1622987192905000,1,366.82000000,27.1800
1622987193807000,0,74.50000000,27.1900
1622987195674000,1,39.76752652,27.2100
1622987195812000,1,33.23247348,27.2100
1622987197126000,0,65.40000000,27.2200
1622987197126000,0,80.00000000,27.2200
1622987197308000,0,50.00000000,27.2200
1622987197308000,0,20.40000000,27.2300
1622987197308000,0,19.07990000,27.2300
1622987198408000,0,18.70010000,27.2100
1622987200544000,0,175.00000000,27.2200
1622987200544000,0,117.00000000,27.2200
1622987200799000,0,53.00000000,27.2200
1622987209087000,0,347.25990000,27.2400
1622987212090000,1,28.00000000,27.1800
1622987212134000,1,212.00000000,27.1800
1622987213244000,0,73.00000000,27.2000
1622987217801000,0,73.00000000,27.2000
1622987220689000,0,73.00000000,27.2200
1622987222156000,0,73.00000000,27.2300
1622987240447000,0,75.76705044,27.2300
1622987248618000,0,73.00000000,27.2100
1622987253079000,0,180.21660955,27.2200
1622987256931000,0,73.00000000,27.2300
1622987257040000,0,116.59134027,27.2300
1622987257040000,0,69.20817319,27.2300
1622987263151000,0,183.82879661,27.2400
1622987296817000,0,183.69000000,27.2400
1622987296830000,0,0.00715196,27.2400
1622987299325000,0,180.02320892,27.2400
1622987314103000,1,193.67760000,27.2200
1622987323603000,0,180.16058714,27.2500
1622987323603000,0,191.79947527,27.2500
1622987323603000,0,183.65457970,27.2500
1622987323603000,0,2572.45535789,27.2500
1622987334763000,0,183.69403779,27.2400
1622987338032000,0,179.98148811,27.2500
1622987339902000,0,3.67000000,27.2500
1622987339928000,0,0.00309159,27.2500
1622987356293000,1,73.00000000,27.1700
1622987356586000,1,179.65909856,27.1600
1622987356586000,1,182.20880864,27.1600
1622987386632000,1,7.45460000,27.1400
1622987386911000,1,921.71230115,27.1400
1622987387307000,1,70.83309000,27.1400
1622987387439000,1,0.00000885,27.1400
1622987397253000,0,184.49090000,27.1400
1622987400051000,0,0.00002344,27.1400
1622987400051000,0,184.49092344,27.1400
1622987400051000,0,91.70000000,27.1400
1622987400051000,0,15.80905312,27.1400
1622987400246000,0,127.89735491,27.1400
1622987400246000,0,36.98964509,27.1400
1622987410853000,1,191.86484250,27.1000
1622987410853000,1,27.13515750,27.1000
1622987412362000,1,73.00000000,27.0900
1622987414395000,0,73.00000000,27.1000
1622987415229000,1,72.99999999,27.1000
1622987417917000,1,72.99990000,27.0600
1622987418454000,1,73.00000000,27.0700
1622987461432000,0,9.14000000,27.1000
1622987463883000,0,91.90000000,27.1200
1622987495184000,0,91.90000000,27.1200
1622987495184000,0,184.56309171,27.1200
1622987563512000,0,91.70000000,27.1300
1622987567234000,1,73.00000000,27.1300
1622987624328000,1,183.81368761,27.1800
1622987624677000,1,73.00000000,27.1700
1622987653346000,0,91.40000000,27.2100
1622987702209000,0,73.00000000,27.1900
1622987709182000,0,73.00000000,27.2000
1622987709502000,0,18.80000000,27.2000
1622987709502000,0,96.20000000,27.2000
1622987709600000,0,87.68009000,27.2000
1622987775259000,1,98.90530000,27.1200
1622987775268000,1,94.18946778,27.1200
1622987775597000,1,81.34457075,27.1300
1622987775802000,1,20.40000000,27.1100
1622987801214000,0,2.14160973,27.1300
1622987811353000,0,61.30000000,27.1400
1622987811353000,0,179.26795500,27.1400
1622987888085000,1,73.00000000,27.1200
1622988004113000,1,73.00000000,27.0700
1622988005699000,1,73.00000000,27.0600
1622988005919000,1,146.00000000,27.0500
1622988005983000,1,37.08997960,27.0500
1622988006900000,1,72.99999999,27.0500
1622988006901000,1,0.00000001,27.0500
1622988022594000,1,548.15993676,27.0000
1622988022594000,1,1.71670665,27.0000
1622988023260000,1,73.00000000,26.9900
1622988023260000,1,184.11822859,26.9800
1622988023260000,1,42.88177141,26.9800
1622988026129000,1,1.19319781,26.9700
1622988027250000,1,116.10557000,26.9700
1622988030433000,0,74.20000000,27.0000
1622988035803000,0,66.90000000,27.0100
1622988045271000,0,4.58000000,27.0300
1622988053553000,0,92.30000000,27.0300
1622988061002000,1,102.89440000,27.0400
1622988063048000,0,43.73274817,27.0600
1622988063126000,0,4.06428967,27.0600
1622988063358000,0,187.20296216,27.0600
1622988063358000,0,73.00000000,27.0600
1622988065064000,0,73.00000000,27.0800
1622988083286000,0,4.58000000,27.1000
1622988087594000,0,14.48720862,27.1100
1622988095504000,0,71.54000000,27.1100
1622988095812000,0,1.46000000,27.1100
1622988160821000,0,181.15912226,27.1400
1622988160821000,0,189.03087774,27.1400
1622988160828000,0,0.00906273,27.1400
1622988208645000,0,18.90535177,27.1500
1622988208722000,0,36.90000000,27.1500
1622988208734000,0,12.69464823,27.1500
1622988209386000,0,73.00000000,27.1600
1622988240628000,0,65.70000000,27.1600
1622988241275000,0,1.80837836,27.1800
1622988241339000,0,7.65725329,27.1800
1622988241368000,0,37.30844785,27.1800
1622988271286000,0,24.42277828,27.1800
1622988271364000,0,5.78560759,27.1700
1622988284471000,1,73.49773282,27.1200
1622988285025000,1,181.37770356,27.1000
1622988307014000,1,187.24752473,27.0300
1622988307014000,1,178.55937003,27.0300
1622988308123000,1,88.81760000,27.0300
1622988345618000,0,18.50000000,26.9800
1622988345947000,0,180.90060000,26.9900
1622988345975000,0,0.00002931,26.9900
1622988345975000,0,18.39997069,26.9900
1622988355074000,0,77.75070000,27.0000
1622988355257000,0,110.85700000,27.0000
1622988363992000,0,185.11350936,27.0200
1622988363992000,0,75.21443946,27.0200
1622988369610000,0,195.31413560,27.0600
1622988370364000,1,73.00000000,27.0400
1622988387049000,0,4.58000000,27.0700
1622988431644000,1,18.20000000,27.0200
1622988481855000,0,82.30000000,27.0100
1622988498781000,0,4.58000000,27.0500
1622988521836000,0,52.61000000,27.0500
1622988521860000,0,0.00800000,27.0500
1622988556980000,0,6.99999999,27.0800
1622988556982000,0,10.90000001,27.0800
1622988571160000,1,54.80000000,27.0600
1622988625224000,0,18.20000000,27.0400
1622988698069000,0,17.90000000,27.0800
1622988748392000,1,18.20000000,27.0600
1622989028436000,0,47.90000000,27.1100
1622989030317000,1,73.00000000,27.1100
1622989036151000,1,73.00000000,27.0700
1622989082769000,0,33.70000000,27.1200
1622989235563000,0,18.00000000,27.1400
1622989368354000,0,26.80000000,27.1400
1622989368354000,0,25.23995614,27.1400
1622989368385000,0,28.10000000,27.1400
1622989368447000,0,30.40000000,27.1400
1622989381976000,0,56.06483551,27.1400
1622989382024000,0,133.14720835,27.1400
1622989382024000,0,134.43900000,27.1400
1622989400572000,0,26.22956719,27.1700
1622989400585000,0,10.90000000,27.1700
1622989400776000,0,56.40434550,27.1700
1622989788865000,0,0.00000735,27.2000
1622989795954000,0,71.54000000,27.2200
1622989877857000,0,32.99430973,27.2100
1622989957065000,0,104.53430000,27.1600
1622989980728000,0,275.31900000,27.1700
1622989980728000,0,96.73300000,27.1700
1622990034921000,1,18.10000000,27.1400
1622990090682000,1,179.17145998,27.1500
1622990210612000,1,194.60000000,27.1200
1622990210642000,1,0.00463660,27.1200
1622990313366000,1,184.14938460,27.1300
1622990313366000,1,180.11940497,27.1300
1622990313366000,1,73.00000000,27.1300
1622990313366000,1,183.99504498,27.1200
1622990313366000,1,214.26505711,27.1200
1622990313549000,1,73.00000000,27.1300
1622990336093000,0,87.46905362,27.1800
1622990336183000,0,4.33094638,27.1800
1622990425574000,0,73.00000000,27.1800
1622990425574000,0,185.92272702,27.1800
1622990425574000,0,184.97250893,27.1800
1622990425574000,0,154.94201043,27.1800
1622990501714000,0,73.00000000,27.1700
1622990515172000,0,13.80000000,27.1700
1622990566443000,0,91.70000000,27.2200
1622990566443000,0,0.22203452,27.2300
1622990593566000,0,144.83000000,27.2000
1622990746040000,0,180.26848800,27.2000
1622990759853000,0,294.04900000,27.2200
1622990759853000,0,91.60000000,27.2200
1622990811130000,0,136.67000000,27.2700
1622990811845000,0,48.74294510,27.2800
1622990811889000,0,24.25705490,27.2800
1622990812635000,0,14.16043097,27.2900
1622990812636000,0,58.83956903,27.2900
1622990813771000,0,5.34767895,27.2900
1622990813821000,0,67.65232105,27.2900
1622990824118000,0,73.00000000,27.3100
1622990849322000,0,25.00000000,27.2700
1622990896477000,0,169.09000000,27.2700
1622990896477000,0,108.10700000,27.2700
1622990964260000,0,183.51199477,27.2800
1622990978777000,0,91.30000000,27.2900
1622991035760000,0,42.18780000,27.3100
1622991042890000,0,73.00000000,27.3300
1622991046494000,0,73.00000000,27.3400
1622991049874000,0,2.35000000,27.3500
1622991049892000,0,0.00474800,27.3500
1622991083449000,0,3.85226114,27.3900
1622991111867000,0,49.76587629,27.4100
1622991144987000,0,73.00000000,27.4500
1622991183368000,0,73.00000000,27.4300
1622991192543000,0,182.53442118,27.4200
1622991192543000,0,95.43303000,27.4200
1622991230477000,0,82.52964086,27.4300
1622991237241000,0,21.21000000,27.4300
1622991237248000,0,97.05935914,27.4300
1622991237248000,0,128.37900000,27.4300
1622991265279000,0,8.85393856,27.4700
1622991265369000,0,4.50000000,27.4700
1622991278652000,0,19.40400000,27.5100
1622991280279000,0,34.33613085,27.5000
1622991309265000,0,50.35884876,27.4800
1622991319891000,0,50.35880000,27.4800
1622991369574000,1,179.88426536,27.4500
1622991369574000,1,67.94231469,27.4500
1622991379711000,1,19.71000000,27.4500
1622991379713000,1,53.29000000,27.4500
1622991383710000,1,77.37000000,27.4400
1622991383749000,1,101.30955019,27.4400
1622991383749000,1,185.22709913,27.4400
1622991383749000,1,179.96235087,27.4400
1622991423897000,0,1.76606100,27.4700
1622991559772000,0,299.91000000,27.5100
1622991559772000,0,72.12936000,27.5100
1622991559788000,0,7.59264000,27.5100
1622991636311000,1,67.94230000,27.4900
1622991653557000,0,16.40793197,27.5000
1622991721713000,0,190.96377346,27.4900
1622991721713000,0,176.54472468,27.4900
1622991721721000,0,7.50017343,27.4900
1622991724006000,0,26.49442662,27.5000
1622991724071000,0,169.30891147,27.5000
1622991724071000,0,166.77307650,27.5000
1622991733590000,1,73.00000000,27.5200
1622991749034000,0,1.29805508,27.5400
1622991749060000,0,0.02649092,27.5400
1622991756675000,1,73.00000000,27.5300
1622991756909000,1,73.00000000,27.5300
1622991775296000,0,192.23187788,27.5800
1622991775856000,1,90.50000000,27.5700
1622991775871000,0,80.00000000,27.5700
1622991775942000,0,126.17700000,27.5700
1622991780041000,0,73.00000000,27.6400
1622991786157000,1,90.00000000,27.6400
1622991798399000,0,0.97354082,27.6400
1622991798473000,0,0.01986818,27.6400
1622991798633000,0,73.00000000,27.6700
1622991798633000,0,19.20000000,27.6800
1622991798633000,0,80.00000000,27.6800
1622991798633000,0,24.80245561,27.6800
1622991798650000,0,90.79170073,27.6800
1622991798654000,0,196.99834945,27.6800
1622991799705000,0,73.00000000,27.6800
1622991799705000,0,31.23800000,27.6900
1622991800388000,0,73.00000000,27.6900
1622991802557000,0,19.00000000,27.7200
1622991803377000,0,73.00000000,27.7300
1622991811109000,0,73.00000000,27.7700
1622991811109000,0,19.40000000,27.7700
1622991811109000,0,196.25214131,27.7800
1622991811109000,0,19.80000000,27.7800
1622991811109000,0,180.31695114,27.7800
1622991811109000,0,180.58837212,27.7900
1622991811109000,0,35.56315220,27.7900
1622991811109000,0,108.87577369,27.7900
1622991853181000,0,4.65945165,27.7200
1622991855293000,1,71.54000000,27.6900
1622991855450000,0,235.00000000,27.7100
1622991856485000,0,39.46000000,27.6900
1622991858709000,1,73.00000000,27.6700
1622991862515000,1,71.54000000,27.6500
1622991862651000,1,0.86233534,27.6500
1622991892234000,1,73.00000000,27.7000
1622991906537000,1,50.58261767,27.6800
1622991913856000,1,22.41000000,27.6800
1622991913856000,1,0.00738233,27.6800
1622991922139000,1,18.00000000,27.6700
1622991922141000,1,18.00000000,27.6700
1622991931300000,1,73.00000000,27.6600
1622991942864000,1,5.98311289,27.6700
1622991942886000,1,53.30000000,27.6700
1622992083589000,0,341.52000000,27.6800
1622992083590000,0,0.00400000,27.6800
1622992187322000,0,89.10000000,27.6100
1622992243662000,0,18.00000000,27.6300
1622992401283000,0,263.71027708,27.6500
1622992406597000,0,176.83000000,27.6500
1622992406619000,0,0.00472292,27.6500
1622992409790000,0,151.69028000,27.6500
1622992410611000,0,3.09570000,27.6500
1622992410919000,0,0.00002000,27.6500
1622992411370000,0,73.00000000,27.6600
1622992413040000,0,73.00000000,27.6700
1622992416630000,1,180.78424588,27.6400
1622992416630000,1,35.99493487,27.6400
1622992416630000,1,96.90611925,27.6400
1622992503975000,1,1.46430000,27.6400
1622992513519000,1,0.00003000,27.6400
1622992605818000,0,34.70000000,27.6000
1622992685678000,1,170.88316613,27.5800
1622992706940000,0,20.23361101,27.6100
1622992708390000,0,143.69386121,27.6100
1622992712923000,0,2.93000000,27.6100
1622992712926000,0,0.00252778,27.6100
1622992713582000,0,143.14000000,27.6200
1622992714565000,0,51.43562152,27.6300
1622992722416000,1,195.76420000,27.5900
1622992741716000,0,205.36035091,27.6300
1622992741782000,0,4.19102757,27.6300
1622992742979000,0,191.08144038,27.6500
1622992855966000,1,1.89268624,27.6100
1622992871376000,0,2500.00000000,27.6300
1622992873036000,0,90.30000000,27.6500
1622992891318000,0,2.05099457,27.6500
1622992971353000,0,191.49607414,27.6400
1622992976922000,0,47.26000000,27.6500
1622992976924000,0,169.61000000,27.6500
1622992976948000,0,73.67200000,27.6500
1622993212945000,1,73.00000000,27.6100
1622993406467000,0,528.12900000,27.6400
1622993406467000,0,140.38100000,27.6400
1622993406536000,0,0.00700000,27.6400
1622993607457000,0,90.10000000,27.6200
1622993607457000,0,280.27000000,27.6200
1622993625162000,0,155.62700000,27.6200
1622993625162000,0,3.67221560,27.6200
1622993628137000,0,149.48000000,27.6200
1622993628138000,0,0.00078440,27.6200
1622993678498000,1,73.00010000,27.6200
1622994048161000,1,73.00000000,27.5600
1622994048161000,1,126.21409104,27.5600
1622994147479000,1,73.00000000,27.5000
1622994331567000,0,389.07764000,27.5300
1622994331582000,0,7.94036000,27.5300
1622994332410000,1,17.53192000,27.5300
1622994386593000,0,250.00000000,27.5500
1622994500857000,0,489.31046491,27.5500
1622994502996000,0,166.63776439,27.5500
1622994512781000,0,3.40077070,27.5500
1622994512781000,0,226.96172459,27.5500
1622994512942000,0,4.70127541,27.5500
1622994512942000,0,73.00000000,27.5500
1622994533052000,0,73.00000000,27.5700
1622994632833000,0,6.99531000,27.5300
1622994633119000,0,90.50000000,27.5400
1622994633119000,0,30.97280000,27.5400
1622994793862000,0,342.21623520,27.5600
1622994797310000,0,33.04505322,27.5600
1622994889184000,0,17.15535390,27.5500
1622994981553000,0,7.16840600,27.5500
1622994981562000,0,0.14629400,27.5500
1622994995546000,0,8.28271158,27.5600
1622994995546000,0,131.89718577,27.5600
1622994995563000,0,2.86081423,27.5600
1622995136846000,0,91.99912304,27.5800
1622995136880000,0,4.22355794,27.5800
1622995136889000,0,55.51700000,27.5800
1622995136946000,0,29.84507600,27.5800
1622995136955000,0,20.00000000,27.5800
1622995136960000,0,103.66324302,27.5800
1622995136960000,0,195.15900000,27.5800
1622995137671000,0,36.30841527,27.6000
1622995137693000,0,36.69158473,27.6000
1622995138556000,0,15.88780494,27.6000
1622995139801000,0,1.90000000,27.6000
1622995182881000,1,118.19600000,27.6000
1622995205173000,0,90.60000000,27.6000
1622995259620000,1,144.16703000,27.6600
1622995259678000,1,0.00000359,27.6600
1622995262310000,1,250.00000000,27.6500
1622995266634000,1,5.01812300,27.6200
1622995298110000,0,73.00000000,27.6600
1622995328971000,0,90.40000000,27.5800
1622995339045000,0,73.18770000,27.5800
1622995353614000,0,177.51006446,27.6000
1622995390662000,0,90.20000000,27.6200
1622995390662000,0,360.53700000,27.6200
1622995406831000,0,126.67500000,27.6400
1622995560284000,0,14.91348000,27.6900
1622995692542000,0,292.00000000,27.6800
1622995692614000,0,46.60900000,27.6800
1622995789422000,0,180.86547205,27.6600
1622995789422000,0,73.00000000,27.6600
1622995789422000,0,139.38493108,27.6700
1622995790007000,0,73.00000000,27.6600
1622995798049000,0,1.07800650,27.6900
1622995810409000,1,73.00000000,27.6600
1622995814877000,1,121.73000000,27.6500
1622995815962000,1,58.69721779,27.6500
1622995815962000,1,72.99278221,27.6500
1622995853119000,1,14.63999017,27.6200
1622995941204000,0,8.94123000,27.6500
1622996054864000,0,258.72337233,27.6500
1622996054872000,0,220.39962840,27.6500
1622996076507000,0,46.47499927,27.6500
1622996076507000,0,184.66900000,27.6500
1622996107918000,1,160.63260000,27.6400
1622996303603000,0,165.00000000,27.6000
1622996303686000,0,154.58511000,27.6000
1622996303867000,0,10.27689000,27.6000
1622996484668000,0,16.34156000,27.6000
1622996484668000,0,37.66610567,27.6000
1622996553875000,0,37.66610000,27.6200
1622996798615000,0,63.30543478,27.6000
1622996821165000,0,8.30992000,27.6000
1622996873094000,0,0.93113700,27.6100
1622996948743000,0,53.99528900,27.5900
1622996948756000,0,54.17600015,27.5900
1622996948762000,0,10.80000000,27.5900
1622996948814000,0,739.02771085,27.5900
1622996948814000,0,166.65993446,27.5900
1622996948880000,0,34.78483803,27.5900
1622996948983000,0,221.15122751,27.5900
1622996949398000,0,27.28200216,27.6000
1622996949664000,0,15.41799784,27.6000
1622997064175000,0,7.95884000,27.6000
1622997348820000,0,14.84407402,27.6000
1622997351097000,0,36.20629885,27.6000
1622997362611000,0,8.33360852,27.6000
1622997362629000,0,6.11805000,27.6000
1622997362767000,0,41.90305064,27.6000
1622997362784000,0,43.30000000,27.6000
1622997362914000,0,55.51700000,27.6000
1622997362930000,0,71.78999999,27.6000
1622997362961000,0,11.50000000,27.6000
1622997362962000,0,48.66000000,27.6000
1622997362999000,0,95.44391798,27.6000
1622997362999000,0,115.26500000,27.6000
1622997362999000,0,7.88365000,27.6000
1622997625062000,0,73.11742739,27.6400
1622997625189000,0,43.10359220,27.6400
1622997627184000,0,22.84300000,27.6400
1622997627545000,0,214.77649453,27.6400
1622997628111000,0,7.67696903,27.6400
1622997628274000,0,38.83151685,27.6400
1622997628274000,0,151.78153315,27.6400
1622997628312000,0,45.40446685,27.6400
1622997727254000,1,149.12880000,27.6200
1622997727316000,1,0.00006718,27.6200
1622998110039000,0,75.25205908,27.5800
1622998110063000,0,5.24913082,27.5800
1622998110146000,0,170.00000000,27.5800
1622998110184000,0,17.63196918,27.5800
1622998110274000,0,54.28804867,27.5800
1622998110302000,0,450.70179225,27.5800
1622998207527000,0,16.42319000,27.6000
1622998207527000,0,1.77681000,27.6000
1622998207889000,0,379.01519000,27.6000
1622998469128000,0,51.99907695,27.5900
1622998469834000,0,401.74892305,27.5900
1622998469834000,0,120.61600000,27.5900
1622998530674000,0,8.18898000,27.6200
1622998659243000,0,8.67489000,27.6600
1622998746923000,1,2.32972582,27.6100
1622998882529000,0,230.98600000,27.6600
1622998882529000,0,89.90000000,27.6600
1622998882529000,0,195.34212823,27.6600
1622998882529000,0,8.58899000,27.6600
1622998882529000,0,73.00000000,27.6600
1622998882619000,1,140.70179000,27.6600
1622998882690000,1,292.00000000,27.6600
1622998882698000,1,195.00000000,27.6600
1622998882777000,1,165.00000000,27.6600
1622998882912000,1,145.00000000,27.6600
1622998882976000,1,170.00000000,27.6600
1622998883123000,1,340.00000000,27.6600
1622998883186000,1,370.00000000,27.6600
1622998883252000,1,690.00000000,27.6600
1622998883323000,1,270.00000000,27.6600
1622998883438000,1,10.31840000,27.6600
1622998937641000,1,0.00000197,27.6600
1622998977704000,0,73.00000000,27.6500
1622999033723000,1,5.60939206,27.6200
1622999125715000,0,36.73550723,27.6000
1622999125715000,0,176.95493722,27.6000
1622999125722000,0,4.36102948,27.6000
1622999134664000,0,181.31596670,27.6000
1622999191948000,0,5.09637681,27.6000
1622999293309000,0,8.89412000,27.6000
1622999293309000,0,21.10588000,27.6000
1622999302567000,0,292.00000000,27.6000
1622999303156000,0,395.31840000,27.6000
1622999303210000,0,159.27260706,27.6000
1622999303235000,0,68.13699294,27.6000
1622999421815000,1,5.60930000,27.6000
1622999665551000,0,72.90345828,27.6100
1622999665642000,0,71.55057756,27.6100
1622999665669000,0,127.42818109,27.6100
1622999665831000,0,102.27085293,27.6100
1622999666127000,0,4.89956449,27.6100
1622999666160000,0,6.81519474,27.6100
1622999666179000,0,26.57499858,27.6100
1622999666208000,0,31.31446415,27.6100
1622999679348000,0,55.50416515,27.6100
1622999693410000,0,2.60000974,27.6100
1622999866085000,1,565.00000000,27.6000
1622999866165000,1,195.00000000,27.6000
1622999866345000,1,313.13699000,27.6000
1622999947240000,0,11.94999020,27.6100
1622999947657000,0,6.35506980,27.6100
1622999947657000,0,11.89056412,27.6100
1622999947672000,0,41.91830161,27.6100
1622999947952000,0,3.75808930,27.6100
1622999947960000,0,4.65526686,27.6100
1622999951342000,0,54.31956968,27.6100
1622999951407000,0,31.03995936,27.6100
1622999951412000,0,131.89902498,27.6100
1622999951981000,0,12.96142679,27.6100
1622999982679000,0,5.63541937,27.6000
1623000004837000,0,5.63540000,27.6000
1623000192870000,1,5.38238806,27.5100
1623000197618000,1,178.01770199,27.5000
1623000197618000,1,113.98229801,27.5000
1623000204815000,1,73.00000000,27.5000
1623000205307000,1,72.99999999,27.4900
1623000205318000,1,0.00000001,27.4900
1623000235479000,1,2.32972583,27.4800
1623000245088000,0,225.00000000,27.4900
1623000245181000,0,333.94700000,27.4900
1623000265595000,1,72.99999999,27.4800
1623000265600000,1,0.00000001,27.4800
1623000291185000,0,90.80000000,27.4400
1623000407372000,0,193.86194863,27.4500
1623000407372000,0,15.74445137,27.4500
1623000411997000,0,0.00007863,27.4500
1623000517972000,1,39.50850000,27.4700
1623000542911000,1,181.82100000,27.4700
1623000694136000,0,23.59000000,27.5000
1623000781653000,0,8.29974000,27.5000
1623000954227000,0,80.00000000,27.4700
1623000975280000,0,54.30000029,27.4900
1623001262458000,0,909.84971526,27.4600
1623001262811000,0,5.79276650,27.4600
1623001263002000,0,604.14751824,27.4600
1623001263002000,0,305.67072456,27.4600
1623001263002000,0,11.46931859,27.4600
1623001263050000,0,25.29696674,27.4600
1623001263083000,0,35.49490749,27.4600
1623001263504000,0,593.73708262,27.4600
1623001513124000,1,69.12607046,27.4000
1623001513126000,1,3.87392954,27.4000
1623001529949000,1,196.65600000,27.3400
1623001631084000,0,23.70122000,27.3500
1623001664277000,1,72.99990000,27.3600
1623001730124000,0,19.68311798,27.3700
1623001740686000,0,29.01920240,27.3700
1623001740703000,0,26.20000000,27.3700
1623001740768000,0,109.86526236,27.3700
1623001740769000,0,292.00000000,27.3700
1623001740782000,0,21.17777647,27.3700
1623001740791000,0,53.68098159,27.3700
1623001740814000,0,12.41455862,27.3700
1623001740825000,0,72.00000000,27.3700
1623001740848000,0,246.92910058,27.3700
1623001740848000,0,234.71300000,27.3700
1623001741127000,0,3.81792372,27.3800
1623001741391000,0,28.05492273,27.3900
1623001741494000,0,57.32056074,27.3800
1623001741533000,0,5.52451653,27.3800
1623001741687000,0,4.91209629,27.3800
1623001814189000,0,55.39769417,27.3700
1623001814334000,0,15.48020502,27.3700
1623001815987000,0,55.90000000,27.3900
1623001816051000,0,30.30000000,27.3900
1623001816324000,0,24.10000000,27.3900
1623001816496000,0,68.15646754,27.3900
1623001949428000,0,74.29630000,27.3800
1623001998653000,0,8.12175000,27.3800
1623002262318000,1,181.52000000,27.3600
1623002262331000,1,0.00809710,27.3600
1623002273073000,1,73.00000000,27.3500
1623002283277000,1,71.54000000,27.3300
1623002300319000,1,36.84000000,27.3200
1623002300338000,1,0.00114201,27.3200
1623002314567000,1,73.00000000,27.3300
1623002366885000,0,27.49710925,27.3400
1623002366917000,0,8.77642068,27.3400
1623002367041000,0,54.90000000,27.3400
1623002367047000,0,24.13250941,27.3400
1623002367068000,0,31.07974697,27.3400
1623002367163000,0,631.78621369,27.3400
1623002367163000,0,245.62372631,27.3400
1623002367252000,0,137.65427369,27.3400
1623002531096000,0,17.57744000,27.3200
1623002645643000,0,150.00000000,27.3000
1623002645674000,0,84.89600000,27.3000
1623002712519000,1,36.90360000,27.2900
1623002916652000,0,618.25000000,27.2800
1623002916672000,0,0.00600000,27.2800
1623002996525000,0,95.62000000,27.2900
1623002996558000,0,111.08507323,27.2900
1623003001411000,0,97.80892677,27.2900
1623003001957000,0,13.63235000,27.3000
1623003070342000,1,183.15236180,27.2800
1623003105151000,1,0.97235593,27.2700
1623003122081000,0,99.23069320,27.3000
1623003122136000,0,92.50632619,27.3000
1623003122136000,0,1.01879000,27.3000
1623003136328000,0,71.54000000,27.3100
1623003136339000,0,1.46000000,27.3100
1623003255105000,0,54.30777825,27.2900
1623003255131000,0,54.21046848,27.2900
1623003255223000,0,9.30070000,27.2900
1623003255268000,0,0.00005327,27.2900
1623003255268000,0,29.31154673,27.3000
1623003376044000,1,194.94770000,27.2300
1623003376301000,1,30.00000000,27.2200
1623003402752000,1,18.55865596,27.2400
1623003454470000,1,18.55850000,27.2800
1623003594157000,0,36.25606486,27.2900
1623003722519000,0,55.87194725,27.2700
1623003722533000,0,14.78415825,27.2700
1623003814838000,1,37.24669000,27.2400
1623003819963000,0,36.25600000,27.2500
1623003911566000,0,278.86831000,27.2500
1623003911819000,0,787.51669000,27.2500
1623003911819000,0,283.46900000,27.2500
1623004093920000,0,91.40000000,27.2500
1623004219845000,1,4.00000000,27.2000
1623004262008000,0,36.36900088,27.2300
1623004318724000,0,91.20000000,27.2500
1623004319100000,0,55.17094278,27.2600
1623004319167000,0,11.01079560,27.2600
1623004319282000,0,8.22868014,27.2600
1623004319386000,0,22.77113674,27.2600
1623004319422000,0,23.12000000,27.2600
1623004433361000,0,5.77484545,27.2100
1623004437271000,0,2.45915455,27.2100
1623004437271000,0,5.26399999,27.2100
1623004437305000,0,0.00000001,27.2100
1623004641305000,0,48.32508951,27.2900
1623004735710000,0,9.07412959,27.2600
1623004771772000,0,48.32500000,27.2200
1623005238356000,0,7.87565885,27.2300
1623005238386000,0,44.63098021,27.2300
1623005238438000,0,81.14216016,27.2300
1623005238788000,0,28.93836419,27.2400
1623005238910000,0,62.56163581,27.2400
1623005463366000,1,73.00000000,27.1600
1623005467372000,1,73.00000000,27.1600
1623005473668000,0,184.12093278,27.1700
1623005473668000,0,91.79999722,27.1700
1623005491575000,1,73.00000000,27.1800
1623005864543000,0,97.06617647,27.2000
1623005893936000,1,191.66419958,27.1400
1623005893936000,1,100.33580042,27.1400
1623005894010000,1,28.36130000,27.1400
1623005894010000,1,58.66837925,27.1400
1623006436245000,0,4.99000086,27.1200
1623006438165000,0,54.89480000,27.1500
1623006470001000,1,131.97040000,27.1100
1623006607362000,1,72.99999999,27.0800
1623006607363000,1,0.00000001,27.0800
1623006938395000,1,72.99990000,27.0200
1623006963463000,0,91.90000000,27.0600
1623006963463000,0,181.28315568,27.0600
1623006963463000,0,29.48511495,27.0600
1623007139336000,0,13.21052148,27.1100
1623007150179000,1,123.04872000,27.0900
1623007152371000,1,0.00000646,27.0900
1623007346469000,0,2.80415093,27.0700
1623007346509000,0,38.46940535,27.0700
1623007348504000,0,50.36668223,27.0800
1623007349042000,0,54.15430000,27.0900
1623007480957000,0,9.42280000,27.0900
1623007801332000,1,72.99999999,27.0600
1623007801356000,1,0.00000001,27.0600
1623008018745000,0,180.35116540,27.0400
1623008042074000,0,26.71834558,27.0700
1623008121473000,1,14.46813496,26.9900
1623008197679000,0,138.17425813,27.0300
1623008697576000,1,87.46800000,26.9700
1623009057617000,0,18.31469716,27.0100
1623009163260000,0,18.31460000,26.9900
1623009199550000,0,6.23232951,26.9900
1623009547036000,1,20.00000000,26.9800
1623009602681000,1,2.00000000,26.9500
1623009605583000,1,73.00000000,26.9300
1623009606553000,1,73.00000000,26.9100
1623009606553000,1,191.19399779,26.9000
1623009606553000,1,184.66372945,26.9000
1623009606553000,1,195.05010235,26.9000
1623009606553000,1,92.60000000,26.9000
1623009606553000,1,77.28856087,26.9000
1623009616736000,0,721.83000000,26.9100
1623009616737000,0,0.00841864,26.9100
1623009631244000,0,49.52591995,26.9000
1623009641329000,1,92.40000000,26.8900
1623009641329000,1,103.12590000,26.8900
1623009641544000,1,19.70042346,26.8900
1623009641623000,1,73.09957653,26.8900
1623009641639000,1,0.00000001,26.8900
1623009641957000,1,73.00000000,26.8800
1623009642259000,1,20.00000000,26.8700
1623009642817000,1,2.18287281,26.8600
1623009644199000,1,55.43447141,26.8600
1623009644199000,1,15.38265578,26.8600
1623009644240000,0,80.00000000,26.8600
1623009646830000,0,197.35006858,26.8800
1623009646845000,0,623.89585195,26.8700
1623009646986000,0,73.00000000,26.8800
1623009654282000,0,67.03221558,26.8900
1623009654282000,0,56.26635177,26.8900
1623009663053000,0,145.53505148,26.8800
1623009663126000,0,2.97010309,26.8800
1623009663830000,0,28.52397000,26.8800
1623009663861000,0,0.00000655,26.8800
1623009663948000,0,183.90380566,26.9000
1623009664546000,1,15.84739276,26.8800
1623009692024000,0,25.79694024,26.8900
1623009692024000,0,36.89962824,26.9000
1623009693374000,0,1.97119321,26.8900
1623009693639000,0,191.91490866,26.9200
1623009693639000,0,100.08509134,26.9200
1623009709608000,0,14.46492000,26.9000
1623009709626000,0,0.00000574,26.9000
1623009723949000,0,28.89000000,26.9100
1623009723961000,0,0.00545801,26.9100
1623009726441000,0,1.86973240,26.9100
1623009726459000,0,0.00000001,26.9100
1623009737129000,0,73.00000000,26.9300
1623009737384000,0,1.86680133,26.9200
1623009737460000,0,197.87128300,26.9400
1623009737460000,0,185.82871700,26.9400
1623009737509000,0,0.00472716,26.9400
1623009737708000,1,15.30864580,26.9200
1623009749346000,0,193.52281694,26.9600
1623009749346000,0,73.00000000,26.9600
1623009749546000,1,5.49925930,26.9300
1623009749584000,1,2.35368394,26.9300
1623009755894000,0,24.97000000,26.9600
1623009755935000,0,0.00575202,26.9600
1623009761110000,0,73.00000000,26.9600
1623009761110000,0,286.04747774,26.9600
1623009764867000,0,1.34561140,26.9500
1623009764867000,0,6.62678860,26.9500
1623009764977000,0,0.00010410,26.9500
1623009767392000,0,18.10000000,26.9700
1623009782695000,1,183.79947000,26.9400
1623009786471000,0,0.73813056,26.9600
1623009795397000,0,24.10540000,26.9400
1623009802798000,0,0.00004400,26.9400
1623009813311000,0,22.40800000,26.9500
1623009813470000,0,0.00008791,26.9500
1623009848676000,0,4.01000000,26.9900
1623009848684000,0,18.63142862,26.9900
1623009896598000,1,23.49851130,26.9900
1623009934535000,1,14.44666441,26.9700
1623010012643000,0,114.37220000,26.9600
1623010196687000,0,186.17895200,26.8700
1623010196687000,0,72.99104800,26.8700
1623010196712000,0,0.00895200,26.8700
1623010205498000,0,37.56978041,26.8700
1623010205498000,0,35.43011959,26.8700
1623010208324000,1,1.73199334,26.8500
1623010212999000,0,186.31565819,26.8600
1623010215437000,0,150.76000000,26.8700
1623010215443000,0,0.00241030,26.8700
1623010220330000,0,186.08518060,26.8900
1623010220932000,0,186.08000000,26.8900
1623010223328000,0,0.00518060,26.8900
1623010223328000,0,36.97026021,26.9000
1623010223328000,0,23.91455919,26.9000
1623010223502000,0,162.29806372,26.9000
1623010225664000,0,7.83275506,26.9100
1623010241754000,0,73.00000000,26.9000
1623010243548000,0,37.07000000,26.9100
1623010243575000,0,0.00543663,26.9100
1623010265266000,0,186.07783815,26.8900
1623010265266000,0,72.99216185,26.8900
1623010265290000,0,0.00783815,26.8900
1623010274301000,0,28.53777640,26.8900
1623010274720000,0,157.54006175,26.8900
1623010274860000,0,186.07783815,26.8900
1623010278142000,0,186.06229597,26.9000
1623010279136000,0,10.92000000,26.9100
1623010279968000,0,2.90440195,26.9100
1623010283282000,0,62.00648536,26.9100
1623010283902000,0,110.13860000,26.9100
1623010284077000,0,976.44000000,26.9200
1623010284856000,0,36.81277859,26.9200
1623010289942000,1,31.54103076,26.8800
1623010296544000,0,73.00000000,26.8900
1623010304000000,0,36.82781702,26.8900
1623010304000000,0,186.10528600,26.8900
1623010304144000,0,186.10528600,26.8900
1623010305434000,0,36.77575306,26.8900
1623010305434000,0,43.10564694,26.8900
1623010305935000,0,36.04023800,26.8900
1623010305939000,0,106.95940106,26.8900
1623010306924000,0,182.36219688,26.9000
1623010313324000,0,35.89568771,26.9000
1623010315926000,0,36.27457247,26.9000
1623010319134000,0,37.63000000,26.9000
1623010319135000,0,0.00197025,26.9000
1623010320636000,0,3.49500416,26.9100
1623010323124000,0,37.20000000,26.9000
1623010323135000,0,0.00817842,26.9000
1623010337761000,0,186.10639914,26.8900
1623010337937000,0,61.53420868,26.8900
1623010337957000,0,61.53420868,26.8900
1623010342945000,0,23.47284493,26.9100
1623010343001000,0,162.51346686,26.9100
1623010347948000,0,21.14323883,26.9100
1623010354816000,0,4.23338773,26.9200
1623010356415000,0,35.70186576,26.9300
1623010381129000,0,185.92853260,26.9300
1623010381129000,0,37.26327514,26.9300
1623010383800000,0,37.21439169,26.9600
1623010391764000,0,36.97329376,26.9600
1623010391764000,0,37.74804625,26.9600
1623010392016000,0,2.72126188,26.9600
1623010393950000,0,123.32240405,26.9600
1623010395405000,0,185.56468290,26.9700
1623010400625000,0,10.33621458,26.9800
1623010400625000,0,181.64231787,26.9800
1623010403149000,0,37.29328883,26.9700
1623010403149000,0,3.09370487,26.9800
1623010403189000,0,0.82422436,26.9800
1623010405613000,0,36.77048571,26.9700
1623010405613000,0,44.98890327,26.9800
1623010410242000,0,140.57134383,26.9800
1623010410242000,0,33.67522989,26.9800
1623010410252000,0,3.55605253,26.9800
1623010417527000,0,36.83098590,26.9800
1623010417527000,0,181.01900200,26.9800
1623010417738000,0,4.44591812,26.9800
1623010421738000,0,102.15228005,26.9800
1623010426735000,0,25.53684023,26.9800
1623010431885000,0,56.62028384,26.9800
1623010435983000,0,1.13240568,26.9800
