timestamp ms,type,amount,price
1623024024253000,0,181.72038300,27.5300
1623024024253000,0,16.59687204,27.5400
1623024062704000,0,80.00000000,27.5600
1623024062704000,0,118.06456293,27.5700
1623024127767000,0,17.60000000,27.5500
1623024127767000,0,32.40000000,27.5600
1623024152867000,1,74.00000000,27.5900
1623024159081000,1,74.00000000,27.5700
1623024160825000,1,74.00000000,27.5600
1623024174408000,1,74.00000000,27.5500
1623024177307000,1,30.50000000,27.5300
1623024181659000,1,43.50000000,27.5300
1623024183461000,1,74.00000000,27.5200
1623024196918000,1,74.00000000,27.5000
1623024222265000,1,74.00000000,27.5000
1623024238464000,1,74.00000000,27.4300
1623024249307000,1,199.63435159,27.3300
1623024249309000,1,152.81321531,27.3300
1623024249317000,1,133.26614721,27.3300
1623024249912000,1,36.97000000,27.3300
1623024250292000,1,20.40000000,27.3100
1623024250292000,1,80.00000000,27.3100
1623024250753000,0,45.37449183,27.3500
1623024315883000,1,181.42280000,27.2700
1623024320321000,1,193.45530366,27.2400
1623024320321000,1,19.60000000,27.2400
1623024321215000,1,91.90000000,27.2300
1623024321590000,1,99.98024926,27.2300
1623024321590000,1,18.09995074,27.2300
1623024321961000,0,24.89840757,27.2600
1623024325697000,0,73.99999999,27.2900
1623024325745000,0,0.00000001,27.2900
1623024338773000,0,33.70000000,27.2900
1623024357687000,1,63.78910000,27.2900
1623024360468000,1,45.61415796,27.2800
1623024360476000,1,61.48033359,27.2800
1623024386250000,0,74.00000000,27.2100
1623024386608000,0,74.00000000,27.1900
1623024404228000,1,183.55730000,27.2000
1623024405428000,1,0.00001189,27.2000
1623024435198000,1,183.70245000,27.1800
1623024526884000,0,18.30000000,27.2500
1623024527170000,0,23.04151195,27.2600
1623024527249000,0,40.10000000,27.2600
1623024527269000,0,55.60000000,27.2600
1623024527313000,0,18.34000000,27.2600
1623024527361000,0,9.50000000,27.2600
1623024527373000,0,38.10034782,27.2600
1623024537065000,0,18.10000000,27.2700
1623024550246000,0,18.10000000,27.2800
1623024617994000,0,17.80000000,27.3700
1623024618206000,0,38.40000000,27.3700
1623024620998000,0,74.00000000,27.4000
1623024625614000,0,74.00000000,27.4300
1623024639183000,0,0.90360200,27.4500
1623024688303000,1,74.00000000,27.4700
1623024702357000,0,0.97870100,27.5900
1623024702599000,0,80.00000000,27.6000
1623024719639000,1,74.00000000,27.5400
1623024738792000,0,17.60000000,27.5700
1623024759512000,1,74.00000000,27.5800
1623024773850000,1,148.13609000,27.5800
1623024777033000,0,123.22130000,27.5900
1623024822076000,1,74.00000000,27.6400
1623024988317000,0,35.67727268,27.7200
1623025220014000,1,191.42253411,27.6900
1623025220014000,1,73.99999589,27.6900
1623025300916000,0,50.77924605,27.7100
1623025394186000,1,74.00000000,27.6400
1623025399393000,1,74.00000000,27.6300
1623025400868000,1,9.19247799,27.6200
1623025443807000,1,74.00000000,27.6800
1623025457090000,1,74.00000000,27.6700
1623025615433000,0,17.50000000,27.7200
1623025674464000,1,74.00000000,27.6400
1623025691845000,1,254.79240000,27.6400
1623025691845000,1,74.00000000,27.6400
1623025693222000,0,74.00000000,27.6700
1623025693853000,0,74.00000000,27.6600
1623025766768000,1,50.39990000,27.6000
1623025774244000,0,17.90000000,27.6600
1623025814819000,0,17.69999999,27.6400
1623025892301000,1,3.22680000,27.5800
1623025894840000,1,0.00007500,27.5800
1623025899242000,0,74.00000000,27.5500
1623025934551000,1,1.72510700,27.5500
1623025943289000,0,74.00000000,27.5400
1623025964542000,1,48.06000000,27.5700
1623025964542000,1,6.29000000,27.5700
1623025966319000,0,500.00000000,27.5800
1623025998780000,0,500.00000000,27.6000
1623026114985000,1,181.45340000,27.5400
1623026115203000,1,0.00009292,27.5400
1623026115203000,1,54.34990708,27.5300
1623026469494000,0,1.97202200,27.6500
1623026470995000,0,1.47901600,27.6700
1623026471374000,0,6.78000086,27.6800
1623026471804000,0,1.10926200,27.6700
1623026516218000,0,0.83194700,27.6900
1623026518930000,0,10.40000042,27.7200
1623026530743000,1,74.00000000,27.7100
1623026530999000,1,74.00000000,27.7000
1623026533446000,0,74.00000000,27.7200
1623026644953000,1,74.00000000,27.7500
1623026651931000,1,131.65200000,27.7300
1623026681805000,0,36.09900000,27.7200
1623026701093000,1,180.29761000,27.7100
1623026763487000,0,677.60308000,27.7200
1623026763512000,0,0.00000867,27.7200
1623026857636000,1,718.73563000,27.7600
1623026857683000,1,0.00000218,27.7600
1623026866257000,0,265.00000000,27.7700
1623026866257000,0,564.80274079,27.7700
1623026866257000,0,33.75162703,27.7700
1623026884565000,0,188.26100275,27.7800
1623026884565000,0,179.39146147,27.7800
1623026884565000,0,192.57524928,27.7800
1623026884565000,0,74.00000000,27.7800
1623026884565000,0,41.43912194,27.7800
1623026884565000,0,35.71994240,27.7800
1623026884565000,0,180.11247808,27.7800
1623026884565000,0,130.74149324,27.7800
1623026889941000,1,74.00000000,27.7400
1623026922042000,0,33.75160000,27.7700
1623026980717000,0,12.22246182,27.7600
1623026980720000,0,92.77753818,27.7600
1623027008896000,1,74.00000000,27.7800
1623027013475000,1,74.00000000,27.7700
1623027020894000,1,72.52000000,27.7600
1623027020905000,1,1.48000000,27.7600
1623027028415000,1,74.00000000,27.7600
1623027031777000,1,72.52000000,27.7600
1623027033743000,1,1.45040000,27.7600
1623027035541000,1,72.52000000,27.7600
1623027038970000,1,1.45040000,27.7600
1623027241077000,1,7.20592663,27.7600
1623027241169000,1,25.45913280,27.7600
1623027267418000,1,74.00000000,27.8800
1623027372093000,1,187.81737495,27.9000
1623027372474000,1,146.49640000,27.8900
1623027400290000,0,17.40000000,27.9100
1623027494546000,1,60.30694047,27.9200
1623027494614000,1,13.69305953,27.9200
1623027582513000,0,17.70000000,27.9000
1623027597909000,1,72.52000000,27.8800
1623027598788000,1,1.45040000,27.8800
1623027616771000,1,10.00000000,27.9600
1623027626373000,1,70.00000000,27.9400
1623027649423000,1,74.00000000,27.9700
1623027649938000,1,21.71083461,27.9500
1623027652617000,0,13.42643750,27.9800
1623027652653000,0,25.59077862,27.9800
1623027652670000,0,12.96136265,27.9800
1623027653597000,1,51.97857877,27.9800
1623027654268000,1,22.02142000,27.9800
1623027660340000,0,178.69302567,28.0100
1623027660340000,0,46.50000000,28.0100
1623027660340000,0,78.00000000,28.0100
1623027660433000,1,1355.00000000,28.0100
1623027660468000,1,178.69302567,28.0100
1623027660519000,1,45.50000000,28.0100
1623027660531000,1,581.30810000,28.0100
1623027660568000,1,641.36250000,28.0100
1623027660582000,1,705.67487311,28.0100
1623027664043000,1,74.00000000,27.9700
1623027667977000,1,52.28000000,27.9500
1623027667990000,1,0.00916539,27.9500
1623027729319000,0,17.60000000,27.9500
1623027735059000,1,72.52000000,27.9400
1623027735129000,1,1.48000000,27.9400
1623027755706000,1,74.00000000,27.9400
1623027762189000,1,4.07937081,27.9200
1623027850531000,1,72.52000000,27.9500
1623027855956000,0,35.86194000,27.9600
1623027855994000,0,0.00000563,27.9600
1623027856028000,0,35.51304969,27.9700
1623027856028000,0,178.91342078,27.9700
1623027856055000,0,35.69692637,27.9800
1623027856055000,0,178.85842109,27.9800
1623027856055000,0,81.44465254,27.9800
1623027879885000,1,53.65581683,27.9700
1623027936404000,1,43.57661358,27.9700
1623027943330000,1,51.17377613,27.9600
1623027963089000,0,35.82201000,27.9800
1623027968084000,1,9.10000000,27.9500
1623027968176000,1,20.43573780,27.9500
1623027968369000,1,7.90426915,27.9500
1623027968372000,1,35.30637248,27.9500
1623027986158000,1,24.11846790,27.9400
1623027987002000,1,31.65996336,27.9400
1623027987075000,1,17.50000000,27.9400
1623028001999000,1,5.80163928,27.9300
1623028010865000,1,33.40443398,27.9300
1623028011059000,1,34.79392674,27.9300
1623028026620000,1,23.64625207,27.9200
1623028026809000,1,50.35374793,27.9200
1623028031567000,0,36.19980000,27.9200
1623028034949000,1,20.99307326,27.9100
1623028183318000,1,33.22507022,27.8600
1623028183503000,1,2.87492978,27.8600
1623028313148000,0,17.60000000,27.8300
1623028314117000,0,17.40000000,27.8400
1623028366838000,1,194.07791922,27.8400
1623028368657000,1,363.07970000,27.8400
1623028369562000,1,17.70000000,27.8300
1623028371106000,0,74.00000000,27.8600
1623028403604000,1,176.85700000,27.8300
1623028403604000,1,185.35900784,27.8200
1623028403604000,1,179.58284781,27.8200
1623028403604000,1,194.88114092,27.8200
1623028403604000,1,191.11129287,27.8200
1623028403604000,1,623.89592668,27.8200
1623028403604000,1,80.00000000,27.8200
1623028403604000,1,269.21620992,27.8100
1623028403604000,1,1081.35000000,27.8100
1623028403604000,1,192.84219059,27.8100
1623028403604000,1,36.30708377,27.8100
1623028403604000,1,19.20000000,27.8100
1623028403604000,1,581.12882405,27.8100
1623028403829000,1,93.28750000,27.8300
1623028425102000,0,74.00000000,27.8300
1623028485606000,0,74.00000000,27.8500
1623028554184000,1,4.59000000,27.8100
1623028554198000,1,0.00626100,27.8100
1623028567091000,0,148.00000000,27.8300
1623028622909000,0,53.93509794,27.8100
1623028622956000,0,20.06490206,27.8100
1623028622956000,0,17.50000000,27.8200
1623028694103000,0,73.99990000,27.8000
1623028728898000,1,74.00000000,27.8100
1623028964170000,1,17.60000000,27.7700
1623028964170000,1,56.40000000,27.7700
1623028968485000,1,29.42702567,27.7700
1623028988079000,0,187.73000000,27.8100
1623029209323000,0,32.36262056,27.8300
1623029210737000,0,587.41130000,27.8400
1623029377505000,1,17.70000000,27.8100
1623029377505000,1,11.72700000,27.8100
1623029843657000,0,74.00000000,27.8800
1623029843657000,0,182.58935561,27.8800
1623029843657000,0,179.97680547,27.8800
1623029843657000,0,181.30413155,27.8800
1623029847868000,1,179.29842000,27.8700
1623029847868000,1,0.00000937,27.8700
1623029951704000,0,50.00000000,27.8900
1623029955402000,1,20.20000000,27.8600
1623030006332000,0,1.31300000,27.8900
1623030006429000,0,0.00002500,27.8900
1623030032140000,0,17.40000000,27.9200
1623030084389000,1,1.70000000,27.9300
1623030098043000,0,130.45688729,27.9500
1623030141329000,0,84.57372919,27.9500
1623030141329000,0,19.01327081,27.9500
1623030271862000,0,0.88667362,27.9800
1623030271872000,0,0.01809538,27.9800
1623030285728000,1,178.67118432,27.9700
1623030311655000,0,182.65000000,28.0200
1623030311671000,0,0.00626491,28.0200
1623030364418000,1,3.79285450,28.0300
1623030401166000,0,50.00000000,28.1900
1623030407024000,0,73.99999999,28.2000
1623030407027000,0,0.00000001,28.2000
1623030409360000,1,178.18130686,28.1500
1623030410931000,0,74.00000000,28.1700
1623030411634000,0,44.23352137,28.1800
1623030411636000,0,29.76647863,28.1800
1623030423107000,0,74.00000000,28.2100
1623030427755000,0,32.36839672,28.2500
1623030436919000,0,74.00000000,28.2400
1623030437722000,0,74.00000000,28.2400
1623030447056000,0,74.00000000,28.2400
1623030484927000,0,74.00000000,28.2300
1623030501283000,1,17.20000000,28.2100
1623030501457000,1,74.00000000,28.2100
1623030503225000,1,74.00000000,28.2000
1623030503781000,0,381.19930000,28.2100
1623030504261000,1,296.00000000,28.1900
1623030509176000,1,181.70139991,28.1800
1623030509592000,0,17.60000000,28.1700
1623030509592000,0,73.77610000,28.1800
1623030509660000,1,56.17610000,28.1700
1623030551946000,1,74.00000000,28.1000
1623030552596000,1,73.99999999,28.1000
1623030552598000,1,0.00000001,28.1000
1623030553484000,1,73.99999999,28.0900
1623030555909000,1,49.65000000,28.0800
1623030555914000,1,24.35000000,28.0800
1623030559783000,1,74.00000000,28.0600
1623030561716000,0,80.00000000,28.0700
1623030561716000,0,58.23266416,28.0800
1623030561716000,0,17.50000000,28.0800
1623030571670000,1,74.00000000,28.0400
1623030575506000,1,74.00000000,28.0300
1623030598777000,1,74.00000000,28.0800
1623030603317000,1,38.17047571,28.0600
1623030610125000,1,72.52000000,28.0600
1623030630026000,1,72.52000000,28.0500
1623030681268000,1,9.96406133,28.0200
1623030681278000,1,19.27958613,28.0200
1623030681568000,1,4.82911074,28.0200
1623030681707000,1,11.96646158,28.0200
1623030681765000,1,12.54500000,28.0200
1623030681776000,1,32.81578022,28.0200
1623030758801000,0,5.34490684,28.0700
1623030805313000,1,178.15361652,28.0500
1623030901579000,0,74.00000000,28.0700
1623030901579000,0,35.49857549,28.0800
1623030901579000,0,186.39512964,28.0800
1623030901579000,0,97.55073931,28.0800
1623030912057000,1,184.74000000,28.0300
1623030912080000,1,0.00518754,28.0300
1623030997720000,1,178.59597226,27.9800
1623030997720000,1,117.40402774,27.9800
1623030997736000,1,13.05285955,27.9800
1623030997796000,1,80.00000000,27.9800
1623030998426000,1,62.57773056,27.9600
1623030998608000,1,11.42226944,27.9600
1623031014908000,1,74.00000000,27.9500
1623031018100000,1,43.30400104,27.9400
1623031021411000,1,30.69000000,27.9400
1623031021439000,1,0.00599896,27.9400
1623031022599000,1,72.52000000,27.9400
1623031022606000,1,1.48000000,27.9400
1623031026914000,1,74.00000000,27.9400
1623031128708000,0,73.86000000,28.0500
1623031128958000,1,78.00000000,28.0300
1623031138265000,1,178.21249194,28.0300
1623031138265000,1,26.79990806,28.0300
1623031138325000,1,0.00009194,28.0300
1623031138325000,1,178.24175916,28.0200
1623031138325000,1,184.15232788,28.0200
1623031138694000,1,32.90000000,28.0200
1623031138694000,1,39.20130000,28.0100
1623031145060000,0,74.00000000,28.0800
1623031203610000,0,74.00000000,28.1000
1623031205945000,0,74.00000000,28.1300
1623031246601000,0,17.60973633,28.1000
1623031325587000,0,35.77334283,28.0600
1623031325587000,0,178.33270184,28.0600
1623031325587000,0,17.70000000,28.0600
1623031325587000,0,7.80365533,28.0600
1623031442907000,1,23.71482422,28.0400
1623031449003000,1,50.28000000,28.0400
1623031449007000,1,0.00517578,28.0400
1623031627373000,0,64.30000000,28.0500
1623031750212000,1,74.00000000,28.0500
1623031766287000,0,44.10000000,28.1100
1623031821081000,0,18.30000000,28.0700
1623031862224000,1,74.00000000,28.0600
1623032001477000,0,17.50000000,28.1100
1623032007991000,1,74.00000000,28.0900
1623032435352000,0,181.56180000,28.1100
1623032472567000,1,17.60000000,28.1100
1623032480829000,1,17.40000000,28.0900
1623032495888000,1,17.40000000,28.0700
1623032544376000,1,17.70000000,28.0400
1623032564117000,1,35.20289261,28.0400
1623032576211000,1,17.50000000,28.0300
1623032578453000,1,181.01330000,28.0200
1623032579149000,1,0.79473100,28.0100
1623032618872000,0,187.45050212,28.0700
1623032618872000,0,176.75294818,28.0700
1623032618872000,0,185.28654970,28.0700
1623032682725000,1,27.38650000,28.0700
1623033060556000,0,70.91743430,28.1300
1623033064721000,0,3.08000000,28.1300
1623033064727000,0,0.00256570,28.1300
1623033066341000,0,187.87570623,28.1400
1623033066341000,0,74.00000000,28.1400
1623033107381000,0,17.20000000,28.1700
1623033109415000,0,17.56496532,28.1700
1623033109866000,0,17.57491328,28.1700
1623033169563000,0,183.13970000,28.1300
1623033491775000,0,17.50000000,28.3300
1623033502721000,0,74.00000000,28.3500
1623033502721000,0,17.20000000,28.3700
1623033658281000,0,74.00000000,28.2800
1623033707587000,1,50.04954324,28.2600
1623033722096000,1,6.75782739,28.2300
1623033734102000,1,72.52000000,28.2300
1623034136227000,0,17.40000000,28.2900
1623034143279000,0,1181.75000000,28.3300
1623034259535000,1,3.51355615,28.3000
1623034372460000,1,19.05302350,28.2700
1623034379826000,0,140.00000000,28.2800
1623034380104000,0,120.00000000,28.2900
1623034380797000,1,73.97440000,28.2900
1623034385713000,1,6.90797786,28.2600
1623034385756000,1,7.97995116,28.2600
1623034385773000,1,23.78708283,28.2600
1623034385773000,1,11.61291716,28.2500
1623034385808000,1,52.66700000,28.2500
1623034385817000,1,9.72008284,28.2500
1623034455587000,1,177.10610580,28.2100
1623034455587000,1,9.16556406,28.2100
1623034455587000,1,194.50000885,28.2100
1623034455593000,1,17.10000000,28.2000
1623034455593000,1,177.40213387,28.1900
1623034455625000,0,20.00000000,28.2200
1623034455628000,1,19.20000000,28.2200
1623034456035000,1,35.47992072,28.1900
1623034456050000,1,3.06601996,28.1900
1623034456131000,1,8.48394553,28.2000
1623034456149000,1,65.51605447,28.2000
1623034500944000,0,75.34412110,28.1900
1623034501014000,0,102.22417641,28.1900
1623034501383000,0,177.50383595,28.2000
1623034503368000,0,133.46413000,28.2200
1623034507932000,1,74.00000000,28.2100
1623034508274000,1,35.34000000,28.2000
1623034508427000,1,31.82350592,28.2000
1623034508439000,1,6.83649408,28.2000
1623034508439000,1,13.38487671,28.1900
1623034508475000,1,43.99191116,28.1900
1623034508988000,1,74.00000000,28.2000
1623034516075000,1,74.00000000,28.1900
1623034516584000,1,74.00000000,28.1900
1623034517715000,1,74.00000000,28.1900
1623034518230000,1,74.00000000,28.1900
1623034527349000,1,52.50202051,28.1900
1623034535839000,0,91.47901457,28.2100
1623034615670000,1,184.37249318,28.2000
1623034615670000,1,182.64025232,28.2000
1623034615670000,1,185.09800168,28.2000
1623034804631000,0,74.00000000,28.2400
1623034821130000,0,74.00000000,28.2800
1623034821130000,0,21.68532793,28.2900
1623034821131000,0,155.28970420,28.2900
1623034821131000,0,39.36175467,28.2900
1623034821229000,0,35.67338281,28.2900
1623034821283000,0,80.00000000,28.2900
1623034822271000,0,74.00000000,28.3200
1623034822575000,1,42.74750000,28.3000
1623034823178000,0,74.00000000,28.3300
1623034824643000,0,74.00000000,28.3400
1623034831217000,0,74.00000000,28.3900
1623034838887000,1,17.40000000,28.3800
1623034862984000,0,74.00000000,28.3900
1623034862984000,0,17.20000000,28.3900
1623034862984000,0,104.17768391,28.4000
1623034863254000,0,104.17760000,28.3900
1623034865136000,0,17.30000000,28.3800
1623034868183000,1,217.93970000,28.3400
1623034872434000,0,17.10000000,28.3500
1623034883949000,0,17.50000000,28.3900
1623034951022000,1,17.50000000,28.3600
1623034952087000,1,17.40000000,28.3500
1623034952087000,1,74.00000000,28.3500
1623034954183000,1,74.00000000,28.3400
1623034954321000,0,139.92240000,28.3500
1623034954795000,1,74.00000000,28.3400
1623034955401000,1,74.00000000,28.3400
1623034955784000,1,74.00000000,28.3400
1623034956064000,1,31.63598625,28.3400
1623034958674000,1,74.00000000,28.3300
1623035139289000,1,71.50860876,28.3000
1623035185721000,0,176.79218131,28.3000
1623035357568000,1,74.00000000,28.3500
1623035360755000,1,35.89928057,28.3400
1623035370704000,0,176.40000000,28.3600
1623035370711000,0,0.00692964,28.3600
1623035371395000,0,176.36000000,28.3700
1623035381472000,1,74.00000000,28.3300
1623035406579000,0,176.63386986,28.3300
1623035406802000,0,74.00000000,28.3400
1623035406802000,0,185.94705186,28.3400
1623035408068000,0,0.00851639,28.3700
1623035408068000,0,10.09577716,28.3800
1623035408149000,0,10.10429355,28.3800
1623035411050000,0,26.59990000,28.3800
1623035415789000,0,0.00002929,28.3800
1623035421960000,1,74.00000000,28.3800
1623035421960000,1,29.59830000,28.3800
1623035421960000,1,20.00000000,28.3700
1623035421960000,1,52.90622865,28.3700
1623035428162000,0,1000.00000000,28.4000
1623035439898000,1,74.00000000,28.3900
1623035525846000,0,176.37141000,28.3600
1623035547163000,1,183.40320000,28.3400
1623035582321000,1,74.00000000,28.3700
1623035788383000,1,24.33770000,28.3500
1623035834398000,0,45.36000000,28.3800
1623035834727000,0,1.04415425,28.3800
1623035834727000,0,28.35245836,28.3800
1623035834796000,0,45.64754164,28.3800
1623035836885000,1,74.00000000,28.3700
1623035880944000,1,17.10000000,28.3700
1623036149816000,1,17.10000000,28.3300
1623036179461000,1,17.50000000,28.3100
1623036215742000,0,189.52535000,28.3400
1623036317157000,1,184.35050000,28.2700
1623036319041000,1,143.59554292,28.2600
1623036319044000,1,25.72232425,28.2600
1623036319092000,1,44.65855354,28.2600
1623036319107000,1,19.71271227,28.2600
1623036319124000,1,31.10976442,28.2600
1623036333015000,1,27.08067529,28.2300
1623036333016000,1,2.86730139,28.2300
1623036333017000,1,22.84475125,28.2300
1623036333022000,1,1.83734783,28.2300
1623036333049000,1,19.36992424,28.2300
1623036340252000,1,12.78000000,28.2000
1623036340307000,1,61.22000000,28.2000
1623036341588000,1,19.60000000,28.1800
1623036342505000,1,177.02416444,28.1600
1623036343135000,1,74.00000000,28.1500
1623036343404000,1,103.39835471,28.1500
1623036343404000,1,17.40000000,28.1500
1623036345755000,0,73.99999999,28.1900
1623036345759000,0,0.00000001,28.1900
1623036383454000,0,24.73610000,28.1200
1623036383469000,0,55.26390000,28.1200
1623036436993000,0,191.62840000,28.2700
1623036485631000,0,74.00000000,28.2200
1623036502657000,0,48.11018934,28.2400
1623036532049000,0,17.60000000,28.2800
1623036532049000,0,8.28990000,28.2800
1623036593218000,0,6.92215702,28.3000
1623036597864000,1,17.40000000,28.2700
1623036597864000,1,17.10155434,28.2700
1623036597867000,1,56.89844566,28.2700
1623036597867000,1,106.89648778,28.2700
1623036674213000,1,73.99990000,28.2300
1623036674260000,1,102.85710000,28.2300
1623036674260000,1,74.00000000,28.2300
1623036682333000,0,177.17964000,28.2300
1623036682628000,0,0.00000650,28.2300
1623036756030000,0,13.23872523,28.2100
1623036756078000,0,164.12183928,28.2100
1623036756078000,0,17.20000000,28.2100
1623036794494000,1,74.00000000,28.2000
1623036815513000,0,177.36056000,28.2200
1623036842614000,0,177.40420000,28.2000
1623036842782000,0,177.40420000,28.2100
1623036842972000,0,0.00000274,28.2100
1623036850074000,1,887.30625026,28.1800
1623036850355000,1,112.69370000,28.1800
1623036850582000,1,0.00004974,28.1800
1623036861979000,1,35.30630000,28.1400
1623036923058000,0,53.60029489,28.1400
1623036923912000,0,53.60020000,28.1400
1623036941616000,1,19.60000000,28.1100
1623036944938000,1,43.05920000,28.0500
1623036946709000,1,51.74860000,28.0500
1623036947288000,1,0.00004341,28.0500
1623037098533000,0,73.59940000,28.1300
1623037098594000,0,179.19358403,28.1300
1623037198794000,1,35.53895410,28.1100
1623037199044000,1,35.64768683,28.1000
1623037199044000,1,188.74291154,28.1000
1623037199044000,1,71.60940163,28.1000
1623037199417000,0,175.00000000,28.1100
1623037199433000,0,175.00000000,28.1100
1623037199435000,0,71.62178918,28.1100
1623037199692000,0,53.37821082,28.1100
1623037204561000,1,38.72500000,28.0700
1623037204577000,1,28.07000000,28.0700
1623037214137000,0,74.00000000,28.0900
1623037218833000,0,6.95346822,28.1100
1623037218892000,0,67.04653178,28.1100
1623037227117000,0,74.00000000,28.1100
1623037234832000,1,17.70000000,28.1300
1623037262152000,0,74.00000000,28.1000
1623037279153000,1,492.15290000,28.1200
1623037340449000,1,74.00000000,28.0800
1623037370588000,0,191.57372357,28.1000
1623037370588000,0,30.42617643,28.1000
1623037447321000,1,19.80000000,28.0400
1623037498167000,1,17.70000000,28.0100
1623037498167000,1,27.72012375,28.0100
1623037498168000,1,46.27987625,28.0100
1623037511958000,1,74.00000000,28.0300
1623037512524000,1,74.00000000,28.0200
1623037515606000,0,176.86200000,28.0600
1623037768178000,1,35.12640000,28.0700
1623037850733000,0,181.49589565,28.1400
1623037850733000,0,114.50410435,28.1400
1623037854756000,1,74.00000000,28.0900
1623037873369000,1,184.39501507,28.0700
1623037873369000,1,76.47838493,28.0700
1623038074695000,1,35.74937700,28.0900
1623038074695000,1,38.25062300,28.0900
1623038130888000,0,74.00000000,28.1300
1623038130888000,0,89.57695378,28.1300
1623038196711000,0,35.74930000,28.1300
1623038382875000,1,74.00000000,28.1100
1623038404564000,0,17.30000000,28.1500
1623038430889000,1,18.00938721,28.1400
1623038536746000,0,17.40000000,28.2100
1623038538864000,0,0.00000451,28.2200
1623038553769000,0,17.60000000,28.2500
1623038553769000,0,177.16785905,28.2500
1623038553769000,0,62.48167459,28.2500
1623038620374000,1,17.50000000,28.2900
1623038620374000,1,27.31690000,28.2800
1623038620771000,1,47.19240000,28.2800
1623038625588000,0,21.08460325,28.3000
1623038767709000,0,21.08460000,28.2500
1623038793260000,1,74.00000000,28.2200
1623038897137000,1,74.00000000,28.1700
1623038978545000,0,177.36058776,28.2100
1623038978545000,0,17.49999224,28.2100
1623038978789000,0,0.00000776,28.2100
1623039008176000,0,64.50552674,28.2200
1623039008178000,0,112.86608615,28.2200
1623039022570000,0,54.96249643,28.2600
1623039022585000,0,33.83355313,28.2600
1623039083576000,0,74.00000000,28.2500
1623039083613000,1,115.53034756,28.2500
1623039083639000,1,110.46965244,28.2500
1623039312795000,0,17.38180146,28.2500
1623039362147000,0,74.00000000,28.2400
1623039411247000,1,35.26790609,28.2400
1623039412387000,1,9.21806917,28.2200
1623039412444000,1,18.49039013,28.2200
1623039484852000,0,17.70000000,28.1900
1623039548477000,1,35.03197469,28.1500
1623039548496000,1,15.08008100,28.1500
1623039548529000,1,23.88794431,28.1500
1623039549552000,1,34.77960913,28.1400
1623039549553000,1,39.22039087,28.1400
1623039601634000,0,17.30000000,28.1400
1623039735610000,1,74.00000000,28.0900
1623039986842000,1,73.99999999,28.0800
1623039986883000,1,0.00000001,28.0800
1623040116639000,1,73.28000000,28.0800
1623040231327000,1,7.47675839,28.0500
1623040231440000,1,35.67403708,28.0400
1623040231440000,1,122.17636292,28.0400
1623040231707000,1,55.96504186,28.0400
1623040231707000,1,116.55811965,28.0400
1623040232377000,1,88.79600000,28.0400
1623040261141000,1,178.38283812,28.0100
1623040277690000,0,21.86707056,28.0600
1623040322614000,1,73.99999999,28.0900
1623040322615000,1,0.00000001,28.0900
1623040322914000,1,17.30000000,28.0700
1623040339271000,1,6.26460719,28.0900
1623040339271000,1,74.00000000,28.0900
1623040339329000,0,42.78411927,28.0900
1623040349825000,1,177.85920000,28.0900
1623040352302000,1,0.00009257,28.0900
1623040352302000,1,26.59060743,28.0800
1623040390458000,0,17.60000000,28.1000
1623040415804000,0,8.03976529,28.1200
1623040418096000,0,10.00000000,28.1200
1623040420149000,0,15.00000000,28.1200
1623040421110000,0,36.51832685,28.1200
1623040432019000,0,27.10000000,28.1200
1623040432078000,0,28.31000000,28.1200
1623040432106000,0,9.53000000,28.1200
1623040432120000,0,52.61099854,28.1200
1623040432138000,0,812.89090932,28.1200
1623040433217000,0,4.61599421,28.1500
1623040433288000,0,69.38400579,28.1500
1623040433956000,0,10.87707858,28.1500
1623040434009000,0,21.32682168,28.1500
1623040499383000,0,17.54655874,28.1900
1623040593527000,0,106.20360000,28.1600
1623040753266000,0,7.07999999,28.2400
1623040814404000,1,35.42553190,28.2000
1623041525448000,0,74.00000000,28.1500
1623041546823000,0,17.30000000,28.1800
1623041546823000,0,56.70000000,28.1800
1623041623877000,1,189.45447111,28.1300
1623042137363000,0,296.00000000,28.2600
1623042137918000,0,884.17998422,28.2600
1623042138343000,0,1272.05305000,28.2600
1623042138425000,0,286.50696000,28.2600
1623042138430000,0,0.00000578,28.2600
1623042352118000,1,35.88464000,28.2600
1623042352544000,1,35.77699114,28.2500
1623042352544000,1,73.99999886,28.2500
1623042412603000,1,74.00000000,28.2100
1623042426293000,1,74.00000000,28.2000
1623042428900000,1,72.52000000,28.1900
1623042429338000,1,1.45040000,28.1900
1623042429353000,1,0.02960000,28.1900
1623042565073000,0,17.60000000,28.2000
1623043262603000,1,24.00000000,28.2000
1623043536659000,1,17.60000000,28.1400
1623043540319000,0,1.50000000,28.1500
1623043898275000,1,179.48543050,28.0700
1623043898433000,1,3.66000000,28.0700
1623043898445000,1,0.00296797,28.0700
1623043900297000,0,35.12108261,28.0800
1623043900297000,0,35.72445710,28.0900
1623043900297000,0,3.15446029,28.0900
1623043903268000,1,74.00000000,28.0600
1623043903398000,1,80.00000000,28.0500
1623043903398000,1,20.60000000,28.0400
1623043903398000,1,178.05382656,28.0300
1623043903398000,1,153.99997344,28.0300
1623043906843000,1,410.00000000,28.0600
1623043964341000,1,14.89970000,28.0300
1623044137682000,0,66.91275427,28.0700
1623044137942000,0,4.00086859,28.0700
1623044178260000,0,74.00000000,28.0800
1623044183228000,0,72.52000000,28.0900
1623044184017000,0,1.45040000,28.0900
1623044218622000,0,74.00000000,28.0800
1623044239120000,0,186.11030000,28.0900
1623044343251000,0,74.00000000,28.0900
1623044468770000,0,74.00000000,28.1600
1623044470051000,0,74.00000000,28.1700
1623044472267000,0,191.10996214,28.1900
1623044472267000,0,17.30000000,28.1900
1623044473040000,0,120.36370000,28.2000
1623044513927000,0,65.23000000,28.2000
1623044513929000,0,8.77000000,28.2000
1623044694999000,0,74.00000000,28.1400
1623045122262000,1,17.50000000,28.2500
1623045361326000,1,20.12910373,28.2300
1623045361363000,1,5.24999999,28.2300
1623045367890000,1,74.00000000,28.2300
1623045589503000,0,7.00564639,28.2400
1623045722513000,1,74.00000000,28.2500
1623045727266000,1,148.00000000,28.2400
1623045988583000,1,74.00000000,28.1100
1623046012624000,1,72.52000000,28.0900
1623046012660000,1,1.48000000,28.0900
1623046021173000,1,45.32307368,28.0800
1623046024596000,1,31.33250000,28.0700
1623046024660000,1,21.37350000,28.0700
1623046029010000,1,2.86000000,28.0700
1623046029017000,1,0.00676800,28.0700
1623046030348000,1,44.67045944,28.0600
1623046063598000,0,35.82887000,28.0500
1623046069225000,1,74.00000000,28.0400
1623046070674000,1,74.00000000,28.0400
1623046070972000,1,3.50000000,28.0400
1623046085412000,0,178.25495054,28.0800
1623046085412000,0,0.11542016,28.0800
1623046094119000,0,35.99429000,28.0600
1623046151222000,1,3.90676831,28.0100
1623046301796000,1,178.07080000,28.0600
1623046334574000,1,13.25076847,28.0800
1623046418583000,1,5.09637681,28.1000
1623046418667000,1,86.38690000,28.1000
1623046508952000,0,70.39358295,28.1300
1623046531042000,1,107.34820000,28.1100
1623046531317000,1,64.71000000,28.1100
1623046531337000,1,5.67399511,28.1100
1623046575093000,1,0.00003871,28.0600
1623046575093000,1,17.49999129,28.0600
1623046704682000,1,72.52000000,28.0900
1623046719008000,1,74.00000000,28.0900
1623046743611000,1,74.00000000,28.1100
1623047106138000,1,177.75702039,28.1100
1623047106138000,1,5.32667961,28.1100
1623047106785000,1,0.00010169,28.1100
1623047106785000,1,37.43629831,28.1100
1623047108330000,0,9.43105135,28.1200
1623047309559000,1,3.21000000,28.0400
1623047316070000,1,0.00510700,28.0400
1623047318076000,0,9.43090000,28.0400
1623047353819000,0,17.30000000,28.0100
1623047435641000,1,74.00000000,28.0100
1623047503822000,1,6.00000000,27.9600
1623047520821000,1,5.00000000,27.9500
1623047571777000,1,74.00000000,28.0100
1623047574973000,1,10.00000000,27.9900
1623047739282000,1,164.00000000,28.0300
1623047821772000,0,2.13618538,28.0500
1623047991834000,1,74.00000000,28.0100
1623047998842000,1,74.00000000,28.0100
1623048037844000,1,74.00000000,27.9900
1623048038518000,1,74.00000000,27.9700
1623048041270000,1,74.00000000,27.9500
1623048041978000,1,53.95340627,27.9400
1623048042951000,1,19.64566186,27.9400
1623048322838000,1,178.93150000,27.9200
1623048361495000,1,179.08020000,27.9000
1623048362349000,1,0.00007564,27.9000
1623048362349000,1,85.58722436,27.9000
1623048388440000,0,74.00000000,27.8500
1623048421715000,0,17.50000000,27.8500
1623048442801000,0,56.49990000,27.8900
1623048489856000,0,5.31957969,27.9100
1623048683042000,1,74.00000000,27.8400
1623048706378000,0,4.99994178,27.8700
1623049034866000,1,74.00000000,27.8600
1623049112111000,1,72.52000000,27.8500
1623049112117000,1,1.48000000,27.8500
1623049115892000,1,74.00000000,27.8300
1623049202752000,0,3.79425493,27.8500
1623049208871000,1,74.00000000,27.8200
1623049229383000,1,74.00000000,27.8000
1623049229897000,1,74.00000000,27.7900
1623049229897000,1,720.03986603,27.7800
1623049235295000,1,7.58710942,27.7700
1623049241917000,1,74.00000000,27.7600
1623049242893000,1,184.30430000,27.7500
1623049242977000,1,4.00000000,27.7300
1623049242977000,1,35.75648414,27.7200
1623049242977000,1,155.62119977,27.7200
1623049243982000,1,36.22069959,27.7300
1623049243982000,1,255.93490041,27.7200
1623049246165000,1,36.02950000,27.7300
1623049247395000,1,74.19120000,27.7200
1623049279166000,0,74.00000000,27.6800
1623049279495000,1,50.00000000,27.6600
1623049280121000,1,74.00000000,27.6800
1623049285414000,0,7.58902130,27.6900
1623049380116000,0,15.85751467,27.7300
1623049380122000,0,6.56671435,27.7300
1623049435998000,0,47.62403231,27.7700
1623049453744000,1,36.16606497,27.7000
1623049453744000,1,44.61392176,27.7000
1623049453744000,1,82.06120254,27.7000
1623049453846000,1,17.80000000,27.6900
1623049453903000,0,74.00000000,27.6900
1623049492962000,0,17.83863634,27.7600
1623049495927000,0,31.76051107,27.7600
1623049499966000,0,13.85358232,27.7600
1623049510566000,0,30.71000000,27.7800
1623049510602000,0,4.10100042,27.7800
1623049510656000,0,3.99699999,27.7800
1623049513914000,0,12.35849772,27.7800
1623049513961000,0,30.10000000,27.7800
1623049596681000,0,20.51463245,27.7700
1623049843157000,0,14.07240000,27.7500
1623050041516000,1,35.92000000,27.7100
1623050045214000,1,74.00000000,27.7000
1623050089997000,0,10.10516860,27.7200
1623050090022000,0,44.20000000,27.7200
1623050090040000,0,35.39483140,27.7200
1623050103893000,0,44.80000000,27.7400
1623050104040000,0,9.36268178,27.7400
1623050122064000,1,74.00000000,27.6800
1623050150400000,0,37.75692091,27.7100
1623050188799000,0,70.80000000,27.6500
1623050266431000,1,17.70000000,27.6400
1623050301299000,1,16.68062237,27.6200
1623050301304000,1,1.31937763,27.6200
1623050301304000,1,67.54880334,27.6200
1623050305982000,1,1.53174955,27.5900
1623050306247000,1,175.85043361,27.5700
1623050306247000,1,191.87388044,27.5700
1623050306247000,1,632.27568595,27.5500
1623050319849000,0,17.60000000,27.5800
1623050336521000,0,17.90000000,27.6000
1623050337017000,0,14.40000000,27.6100
1623050337582000,0,18.60000000,27.6200
1623050337786000,0,15.00000000,27.6200
1623050344839000,0,17.79400000,27.6400
1623050365713000,0,18.00000000,27.6400
1623050391426000,1,171.54521156,27.6200
1623050391428000,1,9.34208009,27.6200
1623050391428000,1,36.66183924,27.6200
1623050409847000,0,17.90000000,27.6500
1623050410171000,0,3.71803405,27.6600
1623050410175000,0,32.73092476,27.6600
1623050410243000,0,3.16017427,27.6600
1623050410285000,0,23.40543274,27.6600
1623050410314000,0,10.92000000,27.6600
1623050412909000,0,17.90000000,27.6600
1623050413240000,0,59.51786351,27.6700
1623050465860000,0,47.73999999,27.6700
1623050465921000,0,17.10000000,27.6700
1623050465921000,0,17.23780822,27.6700
1623050465940000,0,54.00000000,27.6700
1623050520241000,0,147.52050000,27.6900
1623050523704000,0,6.07738870,27.7100
1623050564691000,1,74.00000000,27.7300
1623050564691000,1,17.80000000,27.7300
1623050590181000,0,14.06064298,27.7700
1623050596727000,1,17.70000000,27.7600
1623050604636000,1,17.60000000,27.7500
1623050705651000,1,17.70000000,27.7500
1623050854904000,1,17.50000000,27.7800
1623050857983000,1,21.20000000,27.7700
1623050914604000,0,40.19224232,27.7600
1623050914902000,0,12.96313962,27.7600
1623050914958000,0,4.53686038,27.7600
1623051005160000,0,17.90000000,27.7300
1623051011580000,0,17.50000000,27.7400
1623051188795000,0,74.00000000,27.8200
1623051195412000,0,74.00000000,27.8300
1623051196061000,0,74.00000000,27.8300
1623051196598000,0,74.00000000,27.8300
1623051197110000,0,74.00000000,27.8300
1623051246634000,0,21.82996134,27.8300
1623051474856000,0,36.18340000,27.8000
1623051584256000,0,74.00000000,27.8200
1623051621332000,0,2.19000000,27.8800
1623051621345000,0,0.00904500,27.8800
1623051621915000,0,1.64920000,27.8800
1623051622707000,0,0.00008400,27.8800
1623051686336000,1,17.50000000,27.8700
1623051925842000,0,179.82184719,27.8300
1623051947734000,0,36.18038087,27.8300
1623051947734000,0,178.45041913,27.8300
1623051948003000,0,1.39615735,27.8300
1623051948282000,0,35.44930000,27.8400
1623052151275000,0,73.99999999,27.8600
1623052151276000,0,0.00000001,27.8600
1623052151276000,0,73.99999998,27.8600
1623052151277000,0,73.99999999,27.8600
1623052151284000,0,31.59408638,27.8600
1623052151284000,0,42.40591361,27.8600
1623052151284000,0,37.59408639,27.8600
1623052151350000,0,35.84499461,27.8700
1623052151350000,0,193.08998841,27.8700
1623052151350000,0,67.06501698,27.8700
1623052151554000,0,35.72094690,27.8800
1623052151983000,0,74.00000000,27.9000
1623052156509000,0,1.21222374,27.9300
1623052160095000,0,0.91522886,27.9500
1623052188508000,1,24.90000000,27.9400
1623052188508000,1,30.10000000,27.9300
1623052207326000,1,21.00000000,27.9300
1623052224896000,0,74.00000000,27.9200
1623052228236000,0,74.00000000,27.9300
1623052235976000,1,17.49999999,27.9100
1623052248248000,1,3.84099841,27.8900
1623052248419000,1,14.05900159,27.8900
1623052263907000,1,17.50000000,27.8800
1623052264693000,1,17.70000000,27.8700
1623052312505000,1,17.70000000,27.8600
1623052312686000,1,177.19340000,27.8500
1623052411315000,0,179.73957172,27.8400
1623052418222000,0,116.26050000,27.8600
1623052685428000,1,10.00395857,27.8900
1623052817957000,0,25.12139979,27.9400
1623052818647000,0,46.16144341,27.9400
1623052906313000,0,35.28800000,27.9500
1623052907339000,0,74.00000000,27.9600
1623052916151000,0,99.99080000,27.9700
1623052928570000,0,61.71730000,28.0200
1623052928600000,0,0.00000784,28.0200
1623052935267000,1,88.90000000,28.0100
1623052970090000,1,38.33911165,27.9600
1623052970138000,1,14.30717504,27.9600
1623052976043000,1,74.00000000,27.9400
1623052997257000,1,74.00000000,27.9700
1623053050182000,1,74.00000000,27.9400
1623053050182000,1,178.90000000,27.9400
1623053050182000,1,0.00220734,27.9400
1623053050716000,1,17.30000000,27.9300
1623053069667000,1,74.00000000,27.9400
1623053089350000,1,17.50000000,27.9100
1623053103093000,0,17.80000000,27.9100
1623053164269000,1,7.49999999,27.8600
1623053164350000,1,54.40000000,27.8600
1623053166559000,1,74.00000000,27.8400
1623053169019000,1,74.00000000,27.8200
1623053179504000,1,74.00000000,27.8100
1623053183572000,1,13.92200000,27.8000
1623053186910000,1,74.00000000,27.8000
1623053210668000,1,74.00000000,27.8000
1623053333584000,1,17.70000000,27.8900
1623053333584000,1,161.45750000,27.8800
1623053334003000,1,17.70007861,27.8800
1623053334003000,1,17.79992139,27.8800
1623053334525000,1,0.00007861,27.8800
1623053334525000,1,184.34737840,27.8700
1623053334525000,1,179.46966060,27.8700
1623053334525000,1,163.34738239,27.8700
1623053648178000,1,20.00000000,27.7900
1623053761849000,0,191.86890188,27.8500
1623053761849000,0,182.29109812,27.8500
1623054082954000,1,91.92203452,27.7600
1623054139232000,1,180.05937547,27.7500
1623054139425000,1,35.91417237,27.7300
1623054139425000,1,80.00000000,27.7200
1623054139784000,1,35.64918825,27.7200
1623054139797000,1,2.19623401,27.7200
1623054139797000,1,1.70281317,27.7200
1623054139819000,1,42.54218472,27.7200
1623054139821000,1,15.97377164,27.7200
1623054139824000,1,13.78123047,27.7200
1623054141463000,1,36.15267036,27.6900
1623054141776000,1,28.01318172,27.6900
1623054141811000,1,36.15280000,27.6900
1623054141902000,1,199.16512098,27.6900
1623054296375000,0,10.71230241,27.6900
1623054303739000,1,17.70000000,27.6600
1623054303739000,1,45.58760000,27.6600
1623054323467000,0,55.32415421,27.6700
1623054338888000,0,903.12906277,27.6700
1623054339396000,0,903.12906277,27.6700
1623054339568000,0,53.47156516,27.6700
1623054339724000,0,175.00000000,27.6700
1623054339799000,0,190.00000000,27.6700
1623054339887000,0,139.35616000,27.6700
1623054339946000,0,902.94745321,27.6700
1623054339960000,0,111.43579126,27.6700
1623054371918000,0,74.00000000,27.7000
1623054372678000,0,74.00000000,27.7100
1623054373739000,0,33.65409190,27.7100
1623054381773000,0,51.01000000,27.7200
1623054381808000,0,140.28315001,27.7200
1623054381808000,0,74.00000000,27.7200
1623054384601000,0,74.00000000,27.7200
1623054407825000,0,74.00000000,27.7400
1623054409394000,0,74.00000000,27.7400
1623054442476000,0,72.52000000,27.7100
1623054460737000,0,11.04000000,27.7100
1623054460744000,0,62.96000000,27.7100
1623054487584000,0,192.88403178,27.7500
1623054487632000,0,180.25989756,27.7600
1623054488206000,0,74.00000000,27.7800
1623054488375000,1,39.43024323,27.7700
1623054490530000,0,38.32450000,27.7800
1623054490607000,0,0.00009537,27.7800
1623054623255000,0,10.40129361,27.8300
1623054623259000,0,7.05495720,27.8300
1623054679749000,1,179.33670000,27.8600
1623054919854000,0,17.50000000,27.8600
1623054934446000,0,89.60000000,27.8800
1623055027600000,0,89.20000000,27.8700
1623055213549000,0,179.91087067,27.8100
1623055213549000,0,17.59992933,27.8100
1623055213808000,0,0.00007067,27.8100
1623055213808000,0,179.91082933,27.8100
1623055214109000,0,0.00004134,27.8100
1623055214109000,0,17.80000000,27.8100
1623055272315000,0,161.97660000,27.8200
1623055457446000,1,72.52000000,27.7600
1623055457747000,1,1.48000000,27.7600
1623055467941000,1,115.00000000,27.7500
1623055572189000,0,3.60000000,27.7900
1623055683844000,1,18.00000000,27.7100
1623055684111000,1,56.00000000,27.7100
1623055807509000,0,51.90000000,27.7300
1623055922462000,0,194.09303190,27.7800
1623055941599000,0,74.00000000,27.8000
1623055981515000,1,3.00000000,27.7500
1623056404659000,0,17.90000000,27.7700
1623056585259000,1,19.47138407,27.7100
1623056585275000,1,158.29000770,27.7100
1623056586184000,1,5.44988980,27.7000
1623056605238000,1,31.70000000,27.6800
1623056660305000,0,56.10000000,27.6600
1623056679914000,1,17.58005431,27.6300
1623056680096000,1,19.60000000,27.6300
1623057150052000,0,8.83085636,27.7500
1623057156989000,0,54.17560514,27.7700
1623057171944000,0,19.82439486,27.7700
1623057231555000,0,74.00000000,27.8200
1623057237851000,0,6.40000000,27.8400
1623057237874000,0,40.13749325,27.8400
1623057315077000,0,74.00000000,27.8900
1623057375519000,1,10.53607000,27.8700
1623057387496000,0,203.36810000,27.8700
1623057578783000,1,74.00000000,27.8200
1623057578783000,1,35.86120100,27.8100
1623057581146000,1,1.23716200,27.8000
1623057581146000,1,74.00000000,27.7900
1623057664665000,1,148.00000000,27.8200
1623057666151000,1,2.24600000,27.8200
1623057671042000,0,7.72806000,27.8200
1623057825538000,1,223.05080000,27.8000
1623057839905000,0,17.59999999,27.8200
1623057839939000,0,0.00000001,27.8200
1623057943896000,0,91.23771961,27.8900
1623058059612000,0,181.87000000,27.9300
1623058059635000,0,0.00203895,27.9300
1623058089295000,0,15.62589629,27.9500
1623058089573000,0,58.37000000,27.9500
1623058089611000,0,0.00410371,27.9500
1623058091056000,0,1.01430000,27.9500
1623058091094000,0,0.00009100,27.9500
1623058192495000,1,115.00000000,27.9500
1623058192528000,1,31.31862511,27.9500
1623058192544000,1,20.00000000,27.9500
1623058192545000,1,12.44889451,27.9500
1623058194284000,0,31.70000000,27.9500
1623058232933000,0,74.00000000,27.9200
1623058365032000,0,115.28560000,27.9300
1623058400025000,1,22.54181539,27.9000
1623058400089000,1,5.40887531,27.9000
1623058405004000,1,53.78078950,27.9000
1623058602880000,0,74.00000000,27.9700
1623058624453000,0,74.00000000,27.9600
1623058723956000,1,8.22273612,27.9200
1623058723998000,1,9.17726388,27.9200
1623058744874000,1,42.01730258,27.9300
1623058775595000,1,42.01730000,27.9200
1623058861534000,1,1456.12000000,27.9100
1623058861809000,1,21.00465000,27.9000
1623058971307000,1,12.02125761,27.9000
1623059296507000,1,11.90139000,27.9000
1623059474419000,1,35.67000000,27.9100
1623059474430000,1,0.00896810,27.9100
1623059515914000,1,5.66000000,27.9100
1623059521509000,1,0.00760000,27.9100
1623059548252000,0,117.20528652,27.9200
1623059550613000,1,386.47000000,27.9000
1623059550614000,1,0.00400000,27.9000
1623059570732000,0,62.64513712,27.9100
1623059773242000,0,179.13700676,27.9600
1623059773242000,0,116.86299324,27.9600
1623059822078000,1,5.23023000,27.9700
1623059957697000,1,17.40000000,27.9800
1623060000880000,0,62.64510000,27.9800
1623060137276000,1,884.25500000,28.0200
1623060137276000,1,235.05500000,28.0200
1623060137276000,1,4.86000000,28.0200
1623060137281000,1,0.00878000,28.0200
1623060175226000,0,74.00000000,28.0500
1623060182997000,0,4.56000000,28.0700
1623060183692000,0,69.44000000,28.0700
1623060285966000,0,11.43817858,28.1100
1623060285967000,0,62.56182142,28.1100
1623060286176000,0,11.43817000,28.1100
1623060286176000,0,62.56182000,28.1100
1623060339175000,0,17.20000000,28.1400
1623060339258000,0,130.79990000,28.1500
1623060339410000,0,17.30000000,28.1500
1623060350622000,0,74.00000000,28.1900
1623060413493000,1,4.01593000,28.2800
1623060453456000,0,65.71746817,28.2800
1623060641790000,0,3.76330150,28.3000
1623060641790000,0,176.76541006,28.3100
1623060641790000,0,13.80084070,28.3200
1623060642132000,0,65.71740000,28.3100
1623060661007000,1,17.60000000,28.3000
1623060661007000,1,8.20591870,28.3000
1623060661059000,1,6.71591672,28.3000
1623060661187000,1,24.05206564,28.3000
1623060661215000,1,130.00000000,28.3000
1623060661232000,1,75.96000000,28.3000
1623060661254000,1,28.65025466,28.3000
1623060661259000,1,19.25184428,28.3000
1623060678951000,1,74.00000000,28.2900
1623060683973000,0,176.77106226,28.3100
1623060683973000,0,17.55583430,28.3200
1623060721246000,1,74.00000000,28.3600
1623060722803000,1,47.35100000,28.3400
1623060722847000,1,26.64900000,28.3400
1623060727301000,0,176.50517909,28.3600
1623060727301000,0,176.43769836,28.3700
1623060727301000,0,34.96424457,28.3700
1623060742335000,1,74.00000000,28.3500
1623060746919000,1,56.72982981,28.3300
1623060746946000,1,17.27017019,28.3300
1623060773549000,1,74.00000000,28.3500
1623060795283000,1,191.25000000,28.3400
1623060795289000,1,0.00609389,28.3400
1623060804084000,1,4.25392000,28.3000
1623060804084000,1,13.50245945,28.3000
1623060805190000,1,74.00000000,28.3000
1623060857877000,1,3.40000000,28.3300
1623060901621000,0,17.40000000,28.3100
1623060957565000,0,176.45293354,28.3600
1623060957627000,0,35.57122707,28.3600
1623060957639000,0,159.38510000,28.3700
1623060957669000,0,17.06039454,28.3700
1623060957669000,0,34.85019385,28.3700
1623060957739000,0,35.43915343,28.3900
1623060957739000,0,157.28272685,28.3900
1623060958308000,0,4.20381418,28.4000
1623060958341000,0,114.43924582,28.4000
1623060958341000,0,272.25075418,28.4200
1623060958666000,0,187.36365000,28.4200
1623060958752000,0,74.00000000,28.4100
1623060958752000,0,466.38559000,28.4200
1623060958794000,0,74.00000582,28.4200
1623060959248000,1,38.00000000,28.4100
1623060962210000,0,170.75100000,28.4400
1623060962370000,0,183.06199710,28.4400
1623060998110000,1,74.00000000,28.4800
1623060998271000,1,17.20000000,28.4700
1623060999341000,1,17.50000000,28.4600
1623060999341000,1,89.79590000,28.4600
1623060999635000,1,17.30000000,28.4600
1623060999967000,1,36.36290000,28.4600
1623061000897000,1,176.85700000,28.4700
1623061004818000,1,128.38410000,28.4700
1623061005947000,0,74.00000000,28.4900
1623061007113000,0,74.00000000,28.5000
1623061007133000,0,89.34909705,28.5000
1623061033687000,0,74.00000000,28.5100
1623061053992000,1,17.10000000,28.4900
1623061053992000,1,3.99953000,28.4900
1623061054229000,1,74.00000000,28.4900
1623061079605000,0,16.73790000,28.4600
1623061079642000,0,9.59907888,28.4600
1623061079713000,0,17.92300000,28.4600
1623061079796000,0,16.73790000,28.4600
1623061107311000,0,175.96096169,28.4500
1623061130448000,1,74.00000000,28.4800
1623061138603000,1,40.96310000,28.4700
1623061138735000,1,182.38559000,28.4700
1623061138806000,1,120.00000000,28.4700
1623061164786000,1,93.47092934,28.4000
1623061164793000,1,2.72307066,28.4000
1623061166732000,1,74.00000000,28.3900
1623061204590000,0,17.30000000,28.4300
1623061258501000,0,21.09950000,28.4400
1623061258505000,0,154.80048348,28.4400
1623061258519000,0,17.50000000,28.4500
1623061258519000,0,174.94485578,28.4500
1623061258522000,0,0.95512770,28.4500
1623061258522000,0,34.98066783,28.4500
1623061258529000,0,175.84221386,28.4600
1623061258529000,0,16.60264192,28.4600
1623061258591000,1,879.39498307,28.4400
1623061258995000,1,74.00000000,28.4600
1623061259721000,0,74.00000000,28.5100
1623061268305000,1,17.40000000,28.4900
1623061268305000,1,32.17479091,28.4900
1623061268305000,1,102.29100000,28.4900
1623061268305000,1,599.43420909,28.4900
1623061322937000,1,3.93347999,28.4700
1623061322953000,1,0.00000001,28.4700
1623061362612000,0,17.30000000,28.5100
1623061366580000,0,178.41502642,28.5300
1623061366580000,0,179.28406638,28.5300
1623061366580000,0,17.10000000,28.5300
1623061366580000,0,74.00000000,28.5300
1623061366580000,0,263.27037047,28.5400
1623061366580000,0,189.71205982,28.5400
1623061366580000,0,181.48892623,28.5400
1623061366580000,0,80.00000000,28.5400
1623061366580000,0,114.87718627,28.5400
1623061366580000,0,35.20855239,28.5500
1623061366580000,0,175.44430550,28.5500
1623061366580000,0,20.00000000,28.5500
1623061366580000,0,1009.19000000,28.5500
1623061366580000,0,20.20000000,28.5600
1623061366580000,0,1167.40507277,28.5600
1623061366864000,0,17.00000000,28.5300
1623061366864000,0,39.70000000,28.5400
1623061366868000,0,74.00000000,28.5400
1623061368164000,1,52.40826906,28.5200
1623061369147000,1,21.59173000,28.5200
1623061369164000,1,0.00000094,28.5200
1623061453041000,0,16.55524377,28.5100
1623061487523000,1,50.78318728,28.4900
1623061499399000,1,90.72920322,28.4900
1623061542919000,1,11.42400000,28.5100
1623061542924000,1,17.92548345,28.5100
1623061542949000,1,44.65051655,28.5100
1623061543283000,1,10.41059959,28.5000
1623061543461000,1,45.94380353,28.5000
1623061543490000,1,14.04845035,28.5000
1623061548533000,1,181.77330000,28.5000
1623061548570000,1,0.00000960,28.5000
1623061553899000,0,34.84221598,28.5200
1623061554043000,0,35.49947423,28.5300
1623061555007000,0,35.01751000,28.5400
1623061561222000,0,23.22911610,28.6000
1623061561258000,0,0.00000001,28.6000
1623061565146000,1,70.44613909,28.5900
1623061565226000,1,3.55386091,28.5900
1623061570193000,0,17.19999999,28.6000
1623061570193000,0,0.00000001,28.6000
1623061570598000,0,17.20000000,28.6200
1623061571476000,1,17.30000000,28.6300
1623061571809000,1,17.20000000,28.6200
1623061584541000,0,78.00000000,28.6100
1623061601142000,0,16.90000000,28.6700
1623061625106000,1,3.29000000,28.6400
1623061625110000,1,0.00601000,28.6400
1623061625395000,1,187.09604446,28.6300
1623061625863000,1,3.58472432,28.6200
1623061631804000,1,52.11013526,28.6100
1623061638556000,1,74.00000000,28.6200
1623061639214000,1,69.53366164,28.6100
1623061640957000,1,29.36036000,28.6100
1623061645314000,1,152.02000000,28.5900
1623061645317000,1,0.00300000,28.5900
1623061645868000,1,21.19000000,28.5800
1623061658189000,1,74.00000000,28.6100
1623061666290000,1,72.52000000,28.6400
1623061681926000,1,21.47913746,28.6200
1623061681993000,1,52.52086254,28.6200
1623061709027000,1,69.93727271,28.6200
1623061736871000,1,74.00000000,28.6100
1623061822177000,1,178.99000000,28.6200
1623061822183000,1,0.00420149,28.6200
1623061822183000,1,74.00000000,28.6200
1623061823924000,0,74.00000000,28.6300
1623061844700000,1,180.22792975,28.6000
1623061859560000,1,455.83440000,28.5900
1623061874648000,1,4.81260000,28.5900
1623061874648000,1,2.22751780,28.5900
1623061875026000,1,50.03570415,28.5900
1623061877844000,0,17.20000000,28.6100
1623061878321000,0,17.20000000,28.6200
1623061907751000,0,35.13976239,28.6200
1623061907751000,0,174.85958710,28.6200
1623061907751000,0,34.78519035,28.6300
1623061907751000,0,174.80976075,28.6300
1623061907751000,0,187.85467509,28.6300
1623061907751000,0,74.00000000,28.6300
1623061907751000,0,190.67590207,28.6300
1623061907751000,0,177.35583000,28.6300
1623061907751000,0,34.78002792,28.6400
1623061907751000,0,17.00000000,28.6400
1623061907751000,0,623.89583300,28.6400
1623061907751000,0,182.37744166,28.6400
1623061907751000,0,42.02223606,28.6400
1623061907751000,0,262.27621804,28.6500
1623061907751000,0,2115.91000000,28.6500
1623061907751000,0,315.21344250,28.6500
1623061907751000,0,796.65000000,28.6600
1623061907751000,0,19.80000000,28.6600
1623061907751000,0,19.20000000,28.6700
1623061907751000,0,1000.00000000,28.6700
1623061907751000,0,17.30000000,28.6800
1623061907751000,0,349.49324776,28.6900
1623061907751000,0,1.24421208,28.7800
1623061907825000,1,8.73682939,28.7800
1623061907827000,1,165.07358048,28.7800
1623061907949000,1,80.00000000,28.6000
1623061907949000,1,623.89592668,28.6000
1623061907949000,1,161.84900000,28.5900
1623061907949000,1,80.59477332,28.5900
1623061907986000,0,74.00000000,28.6400
1623061908152000,1,74.00000000,28.6100
1623061908420000,1,74.00000000,28.6200
1623061908588000,1,1071.77000000,28.6100
1623061908655000,0,34.88290000,28.6300
1623061908666000,1,74.00000000,28.6200
1623061908666000,1,206.00000000,28.6000
1623061910936000,1,74.00000000,28.6100
1623061912240000,1,296.00000000,28.6000
1623061913163000,0,34.78850000,28.6100
1623061915231000,0,3.83678000,28.6100
1623061936483000,1,178.16000000,28.5900
1623061936489000,1,0.00173591,28.5900
1623061950512000,1,8.93856980,28.5800
1623061950546000,1,88.70000000,28.5800
1623061950716000,1,91.21148352,28.5800
1623061954103000,0,174.93070000,28.6100
1623061954916000,1,3.41109887,28.6000
1623061954973000,1,48.58000000,28.6000
1623061955092000,1,22.00890113,28.6000
1623061955641000,0,35.03140000,28.6000
1623061957130000,0,34.67480000,28.6000
1623061959137000,0,0.00005463,28.6100
1623061959137000,0,35.41069555,28.6100
1623061959319000,0,34.69252270,28.6200
1623061973255000,1,10.96834754,28.6200
1623061973717000,1,5.84182317,28.6200
1623061992876000,0,17.20000000,28.6500
1623061992876000,0,174.67293769,28.6500
1623061992876000,0,130.38826168,28.6500
1623061992876000,0,74.00000000,28.6600
1623061992876000,0,174.69733425,28.6600
1623061992876000,0,80.00000000,28.6600
1623061992876000,0,34.49179182,28.6700
1623061992876000,0,262.15936255,28.6700
1623061992876000,0,545.09723644,28.6700
1623061994646000,0,174.67290000,28.6500
1623061995248000,1,15.05916507,28.6400
1623061995361000,1,58.94083493,28.6400
1623062013036000,1,90.80990000,28.6100
1623062025396000,1,4.56501694,28.6300
1623062044392000,1,59.04010086,28.6100
1623062046345000,1,65.32592055,28.6100
1623062046814000,1,4.56500000,28.6100
1623062047362000,1,17.89964638,28.6100
1623062051314000,1,6.18000000,28.5900
1623062077767000,1,74.00000000,28.6100
1623062083261000,1,74.00000000,28.6200
1623062083261000,1,80.52798132,28.6100
1623062086705000,0,6.39049947,28.6300
1623062088185000,1,15.30000000,28.6000
1623062088212000,1,18.70700000,28.6000
1623062088274000,1,39.99300000,28.6000
1623062088274000,1,186.38780605,28.6000
1623062088311000,1,4.15548823,28.6000
1623062164537000,1,11.06000000,28.5700
1623062164690000,1,7.18316267,28.5700
1623062167759000,1,55.75683733,28.5700
1623062171349000,0,180.98390173,28.6000
1623062178260000,1,74.00000000,28.5900
1623062193938000,1,74.00000000,28.5800
1623062204674000,0,35.00000000,28.6100
1623062217280000,1,70.36857413,28.6100
1623062217950000,1,3.63142587,28.6100
1623062225912000,1,3.78218000,28.6100
1623062225977000,1,9.50206575,28.6000
1623062226035000,1,6.99704374,28.6000
1623062239352000,1,68.92112206,28.6000
1623062245971000,1,32.28000000,28.6000
1623062245976000,1,41.72000000,28.6000
1623062349033000,0,0.00003769,28.6500
1623062462846000,1,267.54800000,28.6300
1623062486412000,1,171.05000000,28.6200
1623062560193000,1,0.00500000,28.6200
1623062560193000,1,3.84600000,28.6200
1623062560505000,1,326.78080000,28.6200
1623062639878000,0,74.00000000,28.6000
1623062665004000,0,74.00000000,28.6400
1623062702062000,0,74.00000000,28.6700
1623062917146000,0,35.29650000,28.6600
1623062926674000,0,38.70350000,28.6700
1623063098776000,1,4.70907366,28.6600
1623063098823000,1,51.59999999,28.6600
1623063098844000,1,34.16800000,28.6600
1623063098855000,1,173.68192635,28.6600
1623063098855000,1,168.88800000,28.6600
1623063173866000,1,1.88717615,28.6400
1623063174089000,1,4.15037987,28.6400
1623063174168000,1,1.75641398,28.6400
1623063174168000,1,4.65640987,28.6400
1623063301214000,1,10.72000000,28.6200
1623063301219000,1,0.00002000,28.6200
1623063301755000,1,61.00000000,28.6100
1623063301800000,1,6.58805398,28.6100
1623063301807000,1,60.44264602,28.6100
1623063301807000,1,13.99839281,28.6100
1623063301807000,1,50.42602162,28.6100
1623063301944000,1,9.57558557,28.6100
1623063404568000,1,78.65620000,28.6100
1623063422728000,1,14.97000000,28.6100
1623063422745000,1,0.00080000,28.6100
1623063438633000,1,146.44300000,28.6000
1623063441321000,0,5.09460000,28.6000
1623063474126000,0,74.00000000,28.5800
1623063490565000,1,265.87447719,28.5600
1623063490565000,1,2.79142281,28.5600
1623063523601000,0,79.09460000,28.5500
1623063528235000,1,74.00000000,28.5500
1623063528714000,1,51.53020422,28.5300
1623063531371000,0,250.00000000,28.5500
1623063531371000,0,87.30000000,28.5600
1623063531371000,0,34.70588235,28.5600
1623063531371000,0,175.18876809,28.5600
1623063531371000,0,71.07985572,28.5600
1623063531371000,0,175.13810217,28.5700
1623063531371000,0,187.59992306,28.5700
1623063544239000,0,87.40000000,28.5600
1623063609633000,0,36.21043868,28.5900
1623063609825000,0,21.84545477,28.5900
1623063609845000,0,7.37949300,28.5900
1623063609846000,0,21.96461355,28.5900
1623063610226000,0,296.00000000,28.6000
1623063616615000,0,307.62376000,28.6000
1623063651287000,1,125.53020000,28.5700
1623063656788000,1,2.00000000,28.5400
1623063673264000,1,182.84732126,28.5400
1623063673264000,1,182.55267874,28.5400
1623063686638000,1,74.00000000,28.5300
1623063693541000,1,74.00000000,28.5300
1623063693541000,1,173.65525525,28.5200
1623063693541000,1,180.26078134,28.5100
1623063693541000,1,1130.83000000,28.5100
1623063693541000,1,175.24361845,28.5100
1623063693541000,1,186.58168308,28.5100
1623063693541000,1,2597.88000000,28.5100
1623063693541000,1,80.00000000,28.5100
1623063693541000,1,349.98121572,28.5000
1623063693541000,1,182.72321065,28.5000
1623063693791000,1,74.00000000,28.5100
1623063693817000,1,74.00000000,28.5100
1623063694205000,1,29.11740994,28.5100
1623063694252000,1,15.76518012,28.5100
1623063721854000,0,34.71407136,28.5000
1623063722457000,0,52.98592000,28.5000
1623063749210000,1,176.85700000,28.4900
1623063749210000,1,74.00000000,28.4900
1623063749210000,1,74.00000000,28.4800
1623063749210000,1,175.40654156,28.4800
1623063749210000,1,4.41916000,28.4800
1623063749210000,1,78.00000000,28.4800
1623063749210000,1,35.40028089,28.4800
1623063749210000,1,35.49350192,28.4700
1623063749210000,1,2553.86000000,28.4700
1623063749210000,1,1098.02000000,28.4700
1623063749210000,1,85.79398693,28.4700
1623063764302000,0,87.40000000,28.4800
1623063904840000,0,6.37157000,28.5200
1623063904845000,0,115.13916263,28.5200
1623063904910000,0,63.70415587,28.5200
1623063905432000,0,39.36550627,28.5300
1623063905502000,0,116.46629792,28.5300
1623063905676000,0,35.81441818,28.5300
1623063905785000,0,6.39041233,28.5400
1623063905925000,0,41.02209366,28.5400
1623063976735000,1,192.88250000,28.5100
1623063978693000,1,95.86450000,28.5100
1623063978693000,1,142.21800000,28.5100
1623064037884000,0,87.30000000,28.5000
1623064038273000,0,38.50000000,28.5100
1623064038496000,0,14.42361376,28.5100
1623064038517000,0,23.68892056,28.5100
1623064070709000,1,3.49000000,28.5000
1623064070722000,1,0.00246000,28.5000
1623064202012000,0,87.30000000,28.4800
1623064218095000,0,25.71078666,28.4900
1623064219116000,0,61.88921334,28.4900
1623064255153000,0,147.86350877,28.5000
1623064264213000,0,7.93791275,28.5000
1623064264422000,0,19.60000000,28.5000
1623064270649000,0,15.90000000,28.5000
1623064270747000,0,44.16208725,28.5000
1623064300159000,1,175.77100000,28.4700
1623064300159000,1,61.74900000,28.4700
1623064300198000,1,0.00800000,28.4700
1623064304680000,1,35.07000000,28.4800
1623064304688000,1,0.41103932,28.4800
1623064304688000,1,34.65896068,28.4700
1623064304711000,1,0.42006986,28.4700
1623064321406000,1,74.00000000,28.4900
1623064337656000,1,35.26851526,28.4900
1623064337656000,1,74.00000000,28.4900
1623064337656000,1,16.74630282,28.4900
1623064337656000,1,175.36703230,28.4900
1623064337656000,1,175.41767937,28.4800
1623064337656000,1,74.00000000,28.4800
1623064337656000,1,35.02457865,28.4800
1623064337656000,1,19.40000000,28.4800
1623064337656000,1,176.85700000,28.4800
1623064337656000,1,34.89638214,28.4700
1623064337656000,1,183.16455867,28.4700
1623064337656000,1,176.46607136,28.4700
1623064337656000,1,20.60000000,28.4700
1623064337656000,1,173.61364213,28.4700
1623064337656000,1,263.00254695,28.4700
1623064337924000,1,74.00000000,28.4900
1623064338033000,1,74.00000000,28.4900
1623064354460000,1,3.66530000,28.4700
1623064358843000,1,0.00003000,28.4700
1623064358843000,1,16.61564259,28.4600
1623064358843000,1,175.48249229,28.4500
1623064358843000,1,2606.55000000,28.4500
1623064358843000,1,176.85700000,28.4500
1623064358843000,1,34.80674630,28.4400
1623064358843000,1,175.53422361,28.4400
1623064358843000,1,19.60000000,28.4300
1623064358843000,1,186.26116056,28.4300
1623064358843000,1,35.11243850,28.4300
1623064358843000,1,263.26044233,28.4300
1623064358843000,1,191.31289744,28.4300
1623064358843000,1,1116.16000000,28.4300
1623064358843000,1,350.85194040,28.4200
1623064358843000,1,178.82680972,28.4200
1623064358843000,1,130.88962973,28.4200
1623064358952000,1,35.66400000,28.4600
1623064358983000,1,0.00008994,28.4600
1623064359510000,1,34.67070000,28.4300
1623064360082000,1,20.00000000,28.4300
1623064360638000,0,74.00000000,28.4300
1623064385438000,0,12.69478336,28.4400
1623064385806000,0,39.30000000,28.4400
1623064394311000,0,35.70521664,28.4400
1623064433738000,1,1.31276031,28.4300
1623064433771000,1,28.24455427,28.4300
1623064437821000,0,23.56085382,28.4300
1623064440723000,1,35.51214360,28.4100
1623064440723000,1,29.56705000,28.4100
1623064440723000,1,74.00000000,28.4100
1623064440723000,1,175.81965228,28.4100
1623064440723000,1,176.85699412,28.4100
1623064441793000,1,73.99999999,28.3700
1623064441988000,1,0.00000001,28.3700
1623064444544000,0,9.69073300,28.3800
1623064445567000,1,51.17806048,28.3600
1623064451507000,1,35.50070000,28.3600
1623064451564000,1,0.00000520,28.3600
1623064453621000,0,47.66871762,28.3800
1623064455637000,1,35.16925245,28.3600
1623064457193000,0,40.03128238,28.3800
1623064457193000,0,13.06871762,28.3800
1623064467202000,0,52.82141955,28.3900
1623064475919000,1,35.21677827,28.3700
1623064483144000,0,70.57000000,28.3900
1623064488888000,0,50.40000000,28.4000
1623064490895000,0,46.78113275,28.4000
1623064493493000,1,176.01606565,28.3800
1623064509886000,1,10.09320000,28.3900
1623064514477000,0,45.41962805,28.4000
1623064516557000,0,42.33607275,28.4000
1623064516557000,0,10.81983953,28.4000
1623064516586000,0,33.62000000,28.4000
1623064516985000,0,27.74000000,28.4000
1623064517028000,0,8.81000000,28.4000
1623064517289000,0,12.28953830,28.4000
1623064517481000,0,52.20000000,28.4000
1623064517668000,0,62.32789189,28.4000
1623064517967000,0,6.40237487,28.4000
1623064520098000,0,7.90000000,28.4100
1623064520118000,0,17.53000000,28.4100
1623064520152000,0,167.27085926,28.4100
1623064560731000,0,3.19530012,28.4100
1623064578117000,0,52.83849756,28.4200
1623064583951000,0,42.15609985,28.4200
1623064587586000,0,43.94642813,28.4300
1623064587600000,0,52.74727727,28.4300
1623064587746000,0,93.63525411,28.4300
1623064593724000,1,35.54225351,28.4000
1623064593724000,1,84.72000000,28.4000
1623064593724000,1,37.52369649,28.4000
1623064593887000,1,34.90313490,28.3900
1623064602458000,0,38.40000000,28.4200
1623064602534000,0,49.10000000,28.4200
1623064602534000,0,38.36374281,28.4200
1623064642105000,1,34.99647000,28.4000
1623064653251000,0,87.90000000,28.4100
1623064733104000,1,34.71664000,28.4100
1623064733113000,0,24.39542963,28.4200
1623064753546000,0,38.44994577,28.4200
1623064825620000,0,33.31693677,28.4400
1623064983940000,1,275.00900000,28.4100
1623064983940000,1,135.45200000,28.4100
1623064983940000,1,7.21594000,28.4100
1623065015916000,0,18.25897255,28.4200
1623065041394000,1,5.31252389,28.3900
1623065041394000,1,73.99999611,28.3900
1623065041449000,1,0.00000389,28.3900
1623065080236000,0,26.23120168,28.4400
1623065080269000,0,37.60323363,28.4400
1623065080313000,0,19.81815586,28.4400
1623065121258000,0,17.20000000,28.4300
1623065154358000,0,6.53444209,28.4400
1623065154374000,0,6.49999999,28.4400
1623065154417000,0,116.68000000,28.4400
1623065154449000,0,57.78490933,28.4400
1623065154449000,0,40.02509067,28.4400
1623065177422000,1,196.47600000,28.4200
1623065177422000,1,52.22700000,28.4200
1623065177422000,1,74.00000000,28.4200
1623065304934000,1,3.68260000,28.4100
1623065363246000,1,74.00000000,28.3800
1623065417833000,1,17.50000000,28.3900
1623065417833000,1,74.00000000,28.3900
1623065462192000,1,170.19400000,28.3500
1623065464290000,1,74.00000000,28.3400
1623065465183000,1,74.00000000,28.3300
1623065470352000,0,3.24378600,28.3200
1623065470670000,1,1.23949009,28.3100
1623065470931000,1,0.02529572,28.3100
1623065470931000,1,73.99999428,28.3100
1623065471124000,1,1.01192496,28.3000
1623065471389000,1,2.43284000,28.3100
1623065472458000,1,74.00000000,28.2900
1623065489377000,0,5.25694600,28.3100
1623065582855000,1,4.33845000,28.3100
1623065585536000,1,2.23290000,28.3000
1623065585665000,1,0.00006200,28.3000
1623065635360000,1,83.82700000,28.2600
1623065637372000,0,74.00000000,28.2600
1623065688941000,1,17.30000000,28.2600
1623065690162000,1,35.12212388,28.2500
1623065690162000,1,176.78421533,28.2500
1623065690162000,1,17.39996079,28.2500
1623065690525000,1,0.00003921,28.2500
1623065690525000,1,174.72636079,28.2500
1623065703439000,0,4.35660000,28.2800
1623065703477000,0,69.64340000,28.2800
1623065724872000,0,74.00000000,28.2600
1623065781731000,1,74.31500000,28.2900
1623065799799000,0,17.30000000,28.3000
1623065893038000,0,130.69980000,28.3300
1623065979246000,1,3.89221000,28.3000
1623066002176000,0,52.29345925,28.3100
1623066002189000,0,21.70654075,28.3100
1623066013925000,0,73.99990000,28.3000
1623066062920000,0,4.38683075,28.2800
1623066133596000,0,281.08090000,28.3000
1623066175646000,1,115.48100000,28.2700
1623066175646000,1,74.00000000,28.2700
1623066175646000,1,176.66813882,28.2700
1623066175646000,1,4.63467000,28.2700
1623066392321000,1,74.00000000,28.2700
1623066392348000,1,281.62400000,28.2700
1623066422154000,0,26.40015324,28.2900
1623066422229000,0,21.43000000,28.2900
1623066470473000,1,50.69380340,28.2500
1623066470477000,1,134.67784709,28.2500
1623066470489000,1,7.57204254,28.2500
1623066470530000,1,34.42230697,28.2500
1623066782509000,1,99.20700000,28.2600
1623066782509000,1,8.99792000,28.2600
1623066800084000,1,155.17000000,28.2500
1623066800207000,1,35.62522138,28.2300
1623066800207000,1,38.00000000,28.2000
1623066800207000,1,12.56177862,28.1900
1623066800259000,1,55.52600000,28.2300
1623066800279000,1,17.92300000,28.2300
1623066801117000,1,74.00000000,28.2100
1623066831763000,1,17.40000000,28.2100
1623066897700000,1,130.04900000,28.2100
1623066962942000,0,296.00000000,28.2400
1623066963927000,0,17.85063086,28.2600
1623066963967000,0,14.47265651,28.2600
1623066963986000,0,41.67671263,28.2600
1623066966991000,0,73.99990000,28.2700
1623067015753000,0,17.50000000,28.3100
1623067049808000,0,623.89000000,28.3000
1623067061326000,0,17.20000000,28.3100
1623067061326000,0,17.75308189,28.3100
1623067143544000,1,40.67842833,28.3200
1623067302067000,1,55.52600000,28.3400
1623067302124000,1,7.44583288,28.3400
1623067302125000,1,296.00000000,28.3400
1623067302376000,1,3.78416712,28.3400
1623067302376000,1,96.42800000,28.3400
1623067331228000,0,170.46007067,28.3000
1623067338707000,1,3.77291000,28.2800
1623067378784000,1,3.65339500,28.2600
1623067379377000,1,4.33742000,28.2600
1623067432714000,1,74.00000000,28.3100
1623067432714000,1,6.00000000,28.3100
1623067443233000,1,11.10000000,28.3100
1623067447034000,1,17.10000000,28.3000
1623067503562000,1,17.30000000,28.3000
1623067532584000,1,1.72170000,28.2500
1623067532649000,1,0.00007200,28.2500
1623067532649000,1,26.77822800,28.2400
1623067594181000,1,56.53190728,28.2600
1623067598965000,1,34.20709272,28.2600
1623067679392000,1,184.22900000,28.2400
1623067683850000,1,3.58600000,28.2400
1623067683905000,1,0.00003000,28.2400
1623067701251000,0,45.92475523,28.2300
1623067701255000,0,3.81085766,28.2300
1623067701262000,0,24.26438711,28.2300
1623067701354000,0,80.00000000,28.2400
1623067701489000,1,74.00000000,28.2400
1623067759039000,0,74.00000000,28.2500
1623068049307000,1,42.52267530,28.2800
1623068078912000,0,6.06830563,28.2800
1623068089001000,0,221.99970000,28.2800
1623068089110000,0,588.37073000,28.2800
1623068089267000,0,205.00000000,28.2800
1623068089352000,0,240.00000000,28.2800
1623068535592000,1,463.98100000,28.3300
1623068535592000,1,56.01900000,28.3300
1623068535758000,1,67.31700000,28.3300
1623068789422000,0,600.00000000,28.3200
1623068837389000,0,100.85370000,28.3600
1623068907282000,0,176.50092366,28.3500
1623068907282000,0,119.49907634,28.3500
1623068944881000,1,11.09215000,28.3200
1623068998189000,1,74.00000000,28.3500
1623069072678000,0,7.02407400,28.4000
1623069076270000,1,8.39788300,28.4100
1623069078764000,1,16.79568300,28.4100
1623069079684000,1,4.19894100,28.4100
1623069079963000,0,8.39788300,28.4400
1623069079963000,0,74.00000000,28.4500
1623069079963000,0,368.18187021,28.4500
1623069080892000,1,3.14920600,28.4200
1623069081315000,1,3.14920600,28.4200
1623069082037000,0,2.09940000,28.4400
1623069088550000,0,1.04975000,28.4400
1623069088615000,0,0.00000300,28.4400
1623069092679000,0,0.78731500,28.4700
1623069092679000,0,73.99999500,28.4700
1623069101891000,0,38.71715626,28.5000
1623069102014000,0,35.28284374,28.5000
1623069127750000,1,87.20000000,28.5200
1623069145945000,1,19.51237350,28.5500
1623069170631000,0,74.00000000,28.6200
1623069194904000,1,18.30000000,28.6600
1623069260176000,0,128.48750000,28.5400
1623069260985000,0,74.00000000,28.5400
1623069314669000,1,74.00000000,28.5800
1623069378871000,1,74.00000000,28.5800
1623069378930000,1,55.52600000,28.5800
1623069378964000,1,199.80600000,28.5800
1623069426395000,1,87.54300000,28.5800
1623069511946000,1,3.56475000,28.5500
1623069573906000,1,13.54135000,28.5300
1623069578774000,1,12.29365938,28.5200
1623069578783000,1,15.30000000,28.5200
1623069578818000,1,3.50811954,28.5200
1623069578818000,1,14.39999999,28.5200
1623069578866000,1,28.49822109,28.5200
1623069583254000,1,16.10002576,28.5100
1623069587485000,1,25.00000000,28.5100
1623069590746000,1,32.89997424,28.5100
1623069591964000,1,10.60000000,28.5100
1623069610230000,1,53.00172046,28.5100
1623069614959000,1,10.39827954,28.5100
1623069615312000,1,33.30000000,28.5000
1623069615595000,1,74.00000000,28.5000
1623069626171000,1,36.18170917,28.4900
1623069649821000,1,51.99002353,28.4800
1623069785849000,1,0.90000000,28.5000
1623069859669000,1,17.10000000,28.4800
1623069872945000,0,3.32789474,28.4900
1623069878799000,1,5.78208963,28.4600
1623069878875000,1,11.51791037,28.4600
1623069886170000,1,17.20000000,28.4500
1623069886706000,1,170.46007067,28.4400
1623069888243000,1,17.20000000,28.4400
1623069888243000,1,60.41582742,28.4400
1623069976845000,1,259.21200000,28.5200
1623069976968000,1,179.58573497,28.5100
1623069976968000,1,3.13066503,28.5100
1623070066574000,0,3.07355516,28.5500
1623070071117000,0,74.00000000,28.5500
1623070071117000,0,34.70238095,28.5600
1623070071117000,0,11.05474540,28.5600
1623070114094000,1,4.56095000,28.5500
1623070131998000,0,74.00000000,28.5600
1623070131998000,0,48.12435500,28.5700
1623070225443000,0,147.99990000,28.5400
1623070330656000,1,35.23257215,28.4800
1623070330687000,1,15.45215100,28.4800
1623070330707000,1,5.75999999,28.4800
1623070836126000,0,184.32412462,28.6100
1623070836126000,0,73.99587538,28.6100
1623070836127000,0,0.00412462,28.6100
1623070903089000,0,74.00000000,28.6200
1623070905542000,0,73.99990000,28.6300
1623070912374000,0,74.00000000,28.6500
1623070915075000,0,17.30000000,28.6600
1623070915075000,0,28.36786296,28.6600
1623070954267000,1,99.70300000,28.6000
1623071010474000,1,74.00000000,28.5800
1623071012665000,1,5.77512000,28.5700
1623071015719000,1,21.85000000,28.5600
1623071015756000,1,261.92000000,28.5600
1623071015756000,1,74.00000000,28.5600
1623071080335000,1,16.94802866,28.5400
1623071080458000,1,1.85197134,28.5400
1623071080498000,1,17.50000084,28.5400
1623071085914000,1,27.14033599,28.5300
1623071085949000,1,19.71932802,28.5300
1623071092222000,1,17.30000000,28.5200
1623071097178000,1,11.62733697,28.5200
1623071097208000,1,27.63674814,28.5200
1623071293792000,1,190.94600000,28.5300
1623071440372000,1,53.40047117,28.5200
1623071440610000,1,35.60110752,28.5200
1623071440635000,1,15.47809087,28.5200
1623071440908000,1,30.41123563,28.5200
1623071440994000,1,30.10909481,28.5200
1623071478027000,1,17.30000000,28.4900
1623071478027000,1,10.65015803,28.4900
1623071478428000,1,6.33682336,28.4900
1623071499575000,1,7.23300414,28.5000
1623071503315000,1,44.38682107,28.5000
1623071503838000,1,10.27906989,28.5000
1623071503929000,1,12.27374555,28.5000
1623071505863000,1,32.85935935,28.5000
1623071512233000,1,25.11754491,28.5000
1623071512359000,1,25.68769306,28.5000
1623071527086000,1,32.08144672,28.5300
1623071582197000,1,17.40000000,28.5400
1623071582197000,1,173.71350597,28.5300
1623071582323000,0,74.00000000,28.5300
1623071585471000,1,17.10000000,28.5300
1623071657094000,1,4.08510000,28.5100
1623071657962000,1,0.00008000,28.5100
1623071808664000,1,86.18700000,28.5000
1623071892687000,1,98.23510000,28.5000
1623071892773000,1,47.80790000,28.5000
1623071892773000,1,93.37100000,28.5000
1623071892773000,1,32.93221258,28.5000
1623071969405000,1,2.95536028,28.4500
1623071969405000,1,49.72468672,28.4500
1623071985003000,1,12.66178953,28.4400
1623072002509000,1,39.34491464,28.4400
1623072026532000,1,17.20000000,28.4100
1623072028885000,1,17.40000000,28.4000
1623072038596000,1,17.10000000,28.3900
1623072038596000,1,74.00000000,28.3900
1623072038596000,1,176.04465242,28.3800
1623072038596000,1,509.41891842,28.3800
1623072077360000,1,199.59900000,28.4500
1623072078500000,1,70.14611118,28.4500
1623072082566000,0,74.00000000,28.4600
1623072082566000,0,176.85700000,28.4600
1623072082566000,0,1449.40000000,28.4600
1623072082566000,0,35.31974700,28.4600
1623072082566000,0,33.19748570,28.4600
1623072082566000,0,78.00000000,28.4600
1623072082566000,0,254.87065612,28.4700
1623072107650000,1,21.30000000,28.4100
1623072188295000,1,175.75900000,28.3900
1623072192763000,1,46.61700000,28.3500
1623072192912000,1,21.03347157,28.3500
1623072193104000,1,37.18499999,28.3500
1623072193180000,1,15.78152844,28.3500
1623072194585000,1,9.27673346,28.3300
1623072194695000,1,6.33960320,28.3300
1623072194722000,1,57.67400000,28.3300
1623072201779000,0,74.00000000,28.3500
1623072222149000,1,5.03660000,28.3500
1623072222184000,1,0.00001000,28.3500
1623072222184000,1,80.00000000,28.3400
1623072222184000,1,63.69921248,28.3300
1623072222185000,1,112.58437638,28.3300
1623072222185000,1,80.76767459,28.3300
1623072222185000,1,121.76503750,28.3300
1623072222185000,1,193.35261782,28.3300
1623072222272000,0,74.00020000,28.3300
1623072222274000,0,74.00000000,28.3300
1623072264292000,1,74.00000000,28.2800
1623072305097000,0,174.25410503,28.3200
1623072444659000,1,17.30000000,28.2700
1623072688533000,0,14.03132813,28.2900
1623072690393000,1,278.98000000,28.2700
1623072690405000,1,0.00100000,28.2700
1623072743309000,1,186.55849544,28.2600
1623072743309000,1,98.02000000,28.2600
1623073219084000,0,10.68460375,28.3700
1623073351329000,1,176.18381558,28.3500
1623073351329000,1,111.24871217,28.3500
1623073351329000,1,74.00000000,28.3500
1623073359601000,1,17.10000000,28.3700
1623073360660000,1,46.21540000,28.3600
1623073378128000,0,74.00000000,28.3300
1623073378799000,1,6.30798000,28.3200
1623073383529000,0,74.00000000,28.3100
1623073393138000,0,74.00000000,28.3100
1623073393138000,0,102.26938228,28.3100
1623073393142000,0,352.38974611,28.3100
1623073393143000,0,264.27572337,28.3100
1623073393147000,0,176.26396983,28.3100
1623073426923000,0,17.10000000,28.3300
1623073445389000,0,181.12461655,28.3600
1623073445389000,0,114.87538345,28.3600
1623073445410000,0,18.23680000,28.3600
1623073477786000,1,130.31559514,28.3200
1623073519494000,1,177.46727142,28.2900
1623073519494000,1,118.53272858,28.2900
1623073583918000,1,143.46000000,28.2900
1623073583919000,1,102.10300000,28.2900
1623073609726000,1,63.97048000,28.2700
1623073609732000,1,1.30552000,28.2700
1623073644306000,0,186.66320000,28.2900
1623073864326000,1,3.30000000,28.2800
1623073866946000,1,0.00608000,28.2800
1623073961377000,1,191.62951711,28.1900
1623073998838000,0,21.20099431,28.1600
1623074008636000,0,21.20090000,28.1700
1623074044221000,0,9.23664343,28.1600
1623074044222000,0,47.54035699,28.1600
1623074044249000,0,17.22299958,28.1600
1623074044637000,0,11.00000000,28.1700
1623074044639000,0,28.83764587,28.1700
1623074044702000,0,3.44801717,28.1700
1623074044955000,0,22.17219791,28.1700
1623074045037000,0,78.98833691,28.1700
1623074065241000,0,73.99980000,28.1700
1623074171025000,1,74.00000000,28.1200
1623074195266000,1,74.00000000,28.1400
1623074195266000,1,78.00000000,28.1200
1623074195266000,1,177.73562250,28.1100
1623074195266000,1,176.85700000,28.1100
1623074195266000,1,772.68438998,28.1100
1623074244615000,1,148.00000000,28.0800
1623074255389000,1,72.92760000,28.0700
1623074264539000,0,74.00000000,28.0800
1623074336134000,0,74.00000000,28.0900
1623074336351000,0,186.31227752,28.1000
1623074336351000,0,193.82458890,28.1000
1623074339675000,0,17.20000000,28.1200
1623074359810000,0,44.00010029,28.1200
1623074367676000,0,18.50000000,28.1300
1623074367676000,0,157.67641988,28.1300
1623074417738000,1,5.95558000,28.0600
1623074430488000,1,73.99999999,28.0300
1623074430492000,1,0.00000001,28.0300
1623074430492000,1,35.64907274,28.0300
1623074430492000,1,39.31486134,28.0200
1623074430818000,1,35.38571428,28.0000
1623074431354000,1,74.00000000,28.0100
1623074432403000,1,74.00000000,28.0000
1623074434591000,1,14.33467483,27.9800
1623074434739000,1,59.66532000,27.9800
1623074434768000,1,0.00000517,27.9800
1623074434768000,1,15.53720791,27.9800
1623074463638000,0,47.71861735,28.0100
1623074463669000,0,547.89322775,28.0100
1623074520054000,0,19.40000000,28.0300
1623074520538000,0,185.14334680,28.0400
1623074520538000,0,17.49995320,28.0400
1623074524336000,0,17.60000000,28.0600
1623074528434000,1,74.00000000,28.0300
1623074534778000,1,316.99400000,28.0000
1623074534778000,1,9.00570000,28.0000
1623074540607000,1,75.25000000,28.0000
1623074540637000,1,0.00830000,28.0000
1623074569929000,1,184.52638738,27.9400
1623074571333000,1,74.00000000,27.9300
1623074580403000,1,7.78732225,27.8600
1623074585673000,1,74.00000000,27.8500
1623074589493000,0,17.40000000,27.8800
1623074603142000,0,17.70000000,27.9200
1623074603142000,0,74.00000000,27.9300
1623074603142000,0,85.88556078,27.9300
1623074603147000,0,177.52823409,27.9300
1623074603148000,0,266.36591620,27.9300
1623074603148000,0,266.45404061,27.9300
1623074603151000,0,355.42512685,27.9300
1623074603512000,0,17.70000000,27.9200
1623074604484000,1,58.82000000,27.9300
1623074604485000,1,0.00201335,27.9300
1623074608677000,0,17.40000000,27.9400
1623074608677000,0,56.60000000,27.9400
1623074686815000,0,54.30000000,27.9500
1623074697513000,0,74.00000000,27.9700
1623074703804000,0,74.00000000,28.0100
1623074741388000,0,74.00000000,28.0400
1623074742696000,0,72.52000000,28.0600
1623074787343000,0,71.58000000,27.9700
1623074787437000,0,74.00000000,27.9600
1623074787437000,0,0.00370628,27.9700
1623074788008000,0,18.06000000,27.9900
1623074788038000,0,53.70000000,27.9900
1623074788088000,0,2.61701710,27.9900
1623074788374000,0,114.05448455,27.9900
1623074790877000,0,20.60000000,27.9900
1623074790888000,0,17.50000000,27.9900
1623074791411000,0,111.90000000,27.9900
1623074791411000,0,17.50000000,28.0100
1623074791411000,0,86.96560000,28.0200
1623074836074000,0,17.70000000,28.0000
1623074980174000,1,36.04103648,27.9900
1623075018467000,1,37.95000000,27.9900
1623075018501000,1,0.00896352,27.9900
1623075029242000,1,5.47363000,27.9800
1623075029242000,1,179.12260942,27.9800
1623075029242000,1,73.99376058,27.9800
1623075029261000,1,0.00623942,27.9800
1623075050386000,1,177.28342205,27.9700
1623075053495000,1,74.00000000,27.9700
1623075076268000,1,74.00000000,28.0000
1623075132686000,1,74.00000000,28.0000
1623075140265000,1,174.51000000,27.9800
1623075140265000,1,61.31400000,27.9800
1623075143300000,1,173.12356072,27.9700
1623075143324000,1,3.53313389,27.9700
1623075143324000,1,74.00000000,27.9700
1623075171409000,1,74.00000000,27.9900
1623075171409000,1,27.28880836,27.9900
1623075172115000,0,28.70000000,28.0200
1623075182213000,1,282.17580000,28.0000
1623075242906000,0,17.70000000,27.9900
1623075252095000,0,8.56775667,28.0100
1623075252157000,0,8.93224333,28.0100
1623075266281000,0,4.86591735,28.0000
1623075342867000,1,17.60000000,27.9700
1623075342867000,1,179.02520156,27.9600
1623075347614000,1,74.00000000,27.9600
1623075347614000,1,122.62520157,27.9500
1623075410458000,1,17.70000000,27.9600
1623075462220000,1,17.30000000,27.9900
1623075462522000,1,17.30000000,27.9800
1623075463050000,1,16.83410000,27.9700
1623075467940000,0,8.92857000,27.9800
1623075469382000,0,0.00000142,27.9800
1623075573131000,1,5.61717317,27.9500
1623075583184000,1,0.00020683,27.9500
1623075691701000,1,8.94454382,27.9000
1623075695163000,1,203.02000000,27.9000
1623075695233000,1,0.00445618,27.9000
1623075698202000,1,74.47500000,27.9000
1623075704737000,1,74.00000000,27.8800
1623075710883000,1,74.00000000,27.8700
1623075768171000,1,74.00000000,27.9100
1623075768499000,1,74.00000000,27.8900
1623075788160000,0,292.96245000,27.9200
1623075788251000,0,0.00000487,27.9200
1623075789249000,1,9.13120000,27.9400
1623075789600000,1,138.86880000,27.9400
1623075903392000,0,14.05513973,27.9400
1623075903418000,0,42.76149093,27.9400
1623075903715000,0,13.80000000,27.9400
1623075909517000,0,17.70000000,27.9600
1623075909821000,0,21.37979991,27.9700
1623075909826000,0,34.38314032,27.9600
1623075910014000,0,31.83002289,27.9600
1623075910026000,0,4.00000000,27.9600
1623075910064000,0,3.57255277,27.9600
1623075910065000,0,0.21428402,27.9600
1623075910065000,0,6.93866388,27.9700
1623075910112000,0,11.53219813,27.9700
1623075910118000,0,5.05962086,27.9700
1623075930122000,0,19.12781892,27.9900
1623075930303000,0,71.60000000,27.9900
1623075930320000,0,3.57326344,27.9900
1623075930340000,0,11.32007000,27.9900
1623075930348000,0,35.74737621,27.9900
1623075931894000,1,8.94774516,27.9700
1623075946852000,0,56.40000000,27.9900
1623075976919000,1,178.43090000,27.9600
1623076042542000,0,50.12000000,28.0000
1623076042586000,0,41.06821487,28.0000
1623076052064000,1,8.94134477,27.9700
1623076062009000,0,4.24144098,27.9800
1623076062175000,0,32.53000000,27.9800
1623076119169000,0,9.81171010,27.9700
1623076127406000,0,52.99800000,27.9900
1623076221685000,1,4.38590000,27.9400
1623076221724000,1,0.00001000,27.9400
1623076233629000,0,17.70000000,27.9500
1623076233629000,0,8.46629284,27.9500
1623076233629000,0,181.42446435,27.9500
1623076233629000,0,83.19494281,27.9500
1623076287612000,1,168.91000000,27.8800
1623076287641000,1,0.00600000,27.8800
1623076321328000,1,5.87000000,27.8500
1623076321376000,1,53.47900000,27.8500
1623076352070000,1,8.97021887,27.8700
1623076376739000,1,74.00000000,27.8900
1623076417037000,1,74.00000000,27.9200
1623076448936000,1,36.27823592,27.8900
1623076459447000,0,9.69691812,27.9200
1623076459463000,0,11.80000000,27.9200
1623076459614000,0,10.74665667,27.9200
1623076472166000,1,8.95415472,27.9100
1623076506199000,1,156.97000000,27.9000
1623076541189000,0,17.60000000,27.8900
1623076564385000,0,31.79272778,27.8800
1623076564431000,0,25.46007430,27.8800
1623076564459000,0,8.68712362,27.8800
1623076564648000,0,3.86361723,27.8800
1623076564810000,0,13.53638277,27.8800
1623076567333000,0,33.85381287,27.9000
1623076568116000,0,17.90000000,27.9000
1623076604792000,0,8.96378630,27.8700
1623076604792000,0,44.24024661,27.8700
1623076609324000,0,54.06100000,27.8700
1623076626216000,0,92.28000000,27.8800
1623076626713000,0,53.00011600,27.8800
1623076712434000,1,8.96700143,27.8500
1623076771074000,1,3.61000000,27.8400
1623076771075000,1,0.00891000,27.8400
1623076772560000,1,74.00000000,27.8200
1623076866156000,0,17.90000000,27.7400
1623076877291000,0,17.60000000,27.7700
1623076895976000,1,74.00000000,27.7600
1623076897268000,1,133.34800000,27.7600
1623076915574000,0,17.90000000,27.8000
1623076947018000,0,56.46863150,27.8600
1623076947130000,0,17.53136850,27.8600
1623076948607000,0,14.35853256,27.8600
1623076948625000,0,45.28293488,27.8600
1623076948748000,0,12.15119536,27.8600
1623076948931000,0,2.20733720,27.8600
1623076950094000,0,25.54610821,27.8600
1623076968236000,0,30.86641304,27.8600
1623076973616000,0,33.71932363,27.8700
1623076977798000,0,35.76880060,27.8700
1623076978665000,0,4.51187577,27.8700
1623076980602000,0,51.05544660,27.8700
1623076980678000,0,22.94455340,27.8700
1623076982275000,0,52.74299451,27.8800
1623076983439000,0,14.66245209,27.8800
1623076983535000,0,5.12120811,27.8800
1623076987129000,0,31.54393209,27.8900
1623076987178000,0,10.91213582,27.8900
1623076987200000,0,31.54393209,27.8900
1623076987200000,0,48.34149519,27.9000
1623076987877000,0,48.82358194,27.9100
1623076987907000,0,32.01199999,27.9100
1623077040064000,0,19.79701710,27.8500
1623077041676000,0,189.68860865,27.8700
1623077041676000,0,180.77609135,27.8700
1623077054424000,0,17.50000000,27.8800
1623077098885000,0,17.90000000,27.8500
1623077103438000,0,112.87080000,27.8600
1623077189746000,0,17.50000000,27.8300
1623077268292000,1,74.00000000,27.7900
1623077332580000,1,74.00000000,27.7800
1623077512208000,1,3.17414705,27.7900
1623077512208000,1,144.82585295,27.7900
1623077515662000,1,29.27000000,27.7900
1623077515723000,1,6.29914705,27.7900
1623077515723000,1,115.33400000,27.7900
1623077521785000,1,0.80337829,27.7600
1623077532851000,0,74.00000000,27.7500
1623077598987000,0,6.99400000,27.8500
1623077599167000,0,9.00959046,27.8500
1623077599189000,0,54.58872035,27.8500
1623077599795000,1,2.61799066,27.8300
1623077641920000,0,74.00000000,27.8700
1623077654951000,1,46.00000000,27.9200
1623077660765000,0,7.02095436,27.9300
1623077660789000,0,66.97904564,27.9300
1623077668790000,0,74.00000000,27.9300
1623077698155000,0,71.63005890,27.9100
1623077848956000,0,17.70000000,27.9300
1623077874841000,0,420.52200000,27.9300
1623077894158000,1,184.47010756,27.8800
1623077894158000,1,187.56316932,27.8800
1623077894158000,1,30.12912000,27.8800
1623077894158000,1,176.01760312,27.8800
1623077915412000,0,1.78315412,27.9000
1623078028664000,1,48.57882282,27.8100
1623078028671000,1,3.13479060,27.8100
1623078028672000,1,22.28638658,27.8100
1623078044283000,0,17.60000000,27.8000
1623078056874000,0,17.80000000,27.8200
1623078157115000,1,39.50088607,27.7600
1623078157123000,1,34.49911393,27.7600
1623078162905000,0,9.32213445,27.7800
1623078165632000,0,17.90000000,27.8000
1623078189661000,1,74.00000000,27.7900
1623078420987000,1,197.59600000,27.7500
1623078423353000,1,24.40370000,27.7500
1623078425659000,1,45.02000000,27.7500
1623078425666000,1,0.00130000,27.7500
1623078502406000,0,127.02987628,27.8200
1623078502412000,0,40.27183488,27.8200
1623078502984000,0,14.61436025,27.8300
1623078503023000,0,9.61350056,27.8300
1623078618708000,1,74.00000000,27.8100
1623078625434000,1,74.00000000,27.8000
1623078716713000,1,74.00000000,27.7900
1623078769036000,0,17.80000000,27.8000
1623078770125000,0,17.60000000,27.8200
1623078795872000,0,17.60000000,27.8500
1623078798810000,0,17.90000000,27.8600
1623078826973000,0,18.83492161,27.8800
1623078827073000,0,15.20000000,27.8800
1623078865086000,1,17.70000000,27.8700
1623078892968000,1,35.44323646,27.8600
1623079174650000,1,1.50640942,27.8400
1623079203489000,1,74.00000000,27.8500
1623079203489000,1,17.70000000,27.8500
1623079203489000,1,188.80510519,27.8500
1623079203489000,1,190.16105694,27.8500
1623079203489000,1,193.01712883,27.8500
1623079415867000,0,50.77814182,27.8400
1623079424544000,0,1439.36000000,27.8500
1623079424561000,0,800.02000000,27.8500
1623079424589000,0,231.77000000,27.8500
1623079424817000,0,251.00401000,27.8500
1623079425039000,0,0.00000924,27.8500
1623079443446000,0,176.42675692,27.8600
1623079443446000,0,176.55847485,27.8600
1623079455537000,0,177.98761482,27.8800
1623079693029000,1,74.00000000,27.8400
1623079711931000,1,54.17000000,27.8200
1623079714358000,1,19.83000000,27.8200
1623079714358000,1,192.93401007,27.8200
1623079714358000,1,84.34598993,27.8200
1623079833616000,1,36.10071942,27.8000
1623079837669000,0,8.87743761,27.8200
1623079858345000,1,74.00000000,27.7700
1623079858345000,1,179.85495878,27.7600
1623079858345000,1,193.04810164,27.7600
1623079858345000,1,187.39276463,27.7600
1623079858345000,1,36.30403457,27.7600
1623079858345000,1,262.56164079,27.7600
1623079858345000,1,10.00000000,27.7600
1623079858345000,1,2572.94000000,27.7500
1623079858345000,1,36.22838616,27.7500
1623079858345000,1,359.43690031,27.7400
1623079858345000,1,20.20000000,27.7400
1623079858345000,1,191.01166397,27.7400
1623079858345000,1,1084.19000000,27.7400
1623079858345000,1,176.85700000,27.7400
1623079858418000,0,10.00000000,27.7400
1623079858430000,0,175.29465049,27.7400
1623079858441000,0,1293.19623022,27.7400
1623079858657000,1,347.38510000,27.7500
1623079858759000,1,0.82037309,27.7600
1623079858759000,1,16.79452691,27.7500
1623079859090000,1,16.79452000,27.7600
1623079859090000,1,0.82037309,27.7500
1623079859090000,1,30.27027000,27.7500
1623079859090000,1,8.50003691,27.7400
1623079872578000,0,74.00000000,27.7800
1623079873638000,1,36.22838616,27.7600
1623079873638000,1,40.23339615,27.7600
1623079873638000,1,74.00000000,27.7600
1623079873638000,1,36.04684684,27.7500
1623079873638000,1,179.97371469,27.7500
1623079873638000,1,176.85700000,27.7500
1623079873638000,1,359.43690031,27.7400
1623079873638000,1,359.57824347,27.7300
1623079873638000,1,35.72972972,27.7300
1623079873638000,1,1076.04000000,27.7300
1623079873638000,1,175.27537417,27.7300
1623079873638000,1,186.01439368,27.7300
1623079873638000,1,186.90990922,27.7300
1623079873638000,1,74.45610559,27.7300
1623079880965000,0,8.27303015,27.7900
1623079881183000,1,74.00000000,27.7700
1623079902994000,0,53.76143998,27.7900
1623079903011000,0,11.00000000,27.7900
1623079903026000,0,26.90000000,27.7900
1623079903061000,0,11.00000000,27.7900
1623079903081000,0,5.42009505,27.7900
1623079903091000,0,73.13221048,27.7900
1623079903091000,0,175.29899492,27.7900
1623079903091000,0,180.21531488,27.7900
1623079903091000,0,184.58865855,27.7900
1623079919061000,0,72.52000000,27.8100
1623079926922000,1,105.55300000,27.7900
1623079937173000,0,10.67287885,27.7900
1623079956305000,0,2027.56000000,27.7900
1623079956305000,0,179.57407382,27.8000
1623079956305000,0,183.83672679,27.8000
1623079956305000,0,191.11806863,27.8000
1623079956305000,0,2725.61113076,27.8000
1623079982248000,0,2495.14917362,27.8000
1623079992813000,0,17.46560000,27.8000
1623080002877000,1,36.49748020,27.7800
1623080002877000,1,179.83330207,27.7800
1623080002877000,1,165.09600000,27.7700
1623080002877000,1,74.00000000,27.7700
1623080002877000,1,179.88682001,27.7700
1623080002877000,1,35.88404753,27.7700
1623080002877000,1,182.93302538,27.7700
1623080002877000,1,2636.76000000,27.7700
1623080002877000,1,36.38688760,27.7600
1623080002877000,1,175.85432295,27.7600
1623080002877000,1,183.35808187,27.7600
1623080002877000,1,1156.40000000,27.7600
1623080002877000,1,269.74055692,27.7600
1623080002877000,1,827.22915000,27.7600
1623080002877000,1,176.85700000,27.7600
1623080002877000,1,35.96756756,27.7500
1623080002877000,1,179.97962041,27.7500
1623080002877000,1,38.00000000,27.7400
1623080002877000,1,19.60000000,27.7400
1623080002877000,1,1000.00000000,27.7400
1623080002877000,1,115.00000000,27.7300
1623080002877000,1,20.20000000,27.7300
1623080002877000,1,19.40000000,27.7200
1623080002877000,1,359.81635748,27.7100
1623080002877000,1,395.47666642,27.6600
1623080002877000,1,376.00000000,27.6500
1623080002963000,0,188.73587820,27.6500
1623080002968000,0,71.33022245,27.6500
1623080003125000,1,74.00000000,27.7800
1623080003129000,0,74.00000000,27.8000
1623080003150000,0,189.33417655,27.8100
1623080003150000,0,179.82703795,27.8200
1623080003150000,0,156.99198550,27.8200
1623080003201000,1,42.42280000,27.7800
1623080003284000,1,179.82010000,27.8100
1623080003325000,1,9.51407000,27.8100
1623080003325000,1,63.39737554,27.7800
1623080003344000,0,1.08855446,27.7800
1623080003344000,0,176.85700000,27.8100
1623080003344000,0,20.00000000,27.8100
1623080003344000,0,187.70499984,27.8200
1623080003344000,0,304.34944570,27.8200
1623080003466000,0,205.00000000,27.8100
1623080037256000,1,183.73602870,27.7600
1623080037256000,1,42.48318157,27.7600
1623080037256000,1,179.92671433,27.7600
1623080037256000,1,36.19150467,27.7500
1623080037256000,1,35.66234701,27.7500
1623080037256000,1,1726.14246305,27.7500
1623080042300000,0,74.00000000,27.8000
1623080042300000,0,190.47000000,27.8000
1623080042331000,0,0.00453446,27.8000
1623080046835000,1,35.68599207,27.7700
1623080046835000,1,179.85514187,27.7700
1623080046835000,1,36.10590777,27.7600
1623080046835000,1,269.65851164,27.7600
1623080046835000,1,269.72872643,27.7500
1623080046835000,1,191.85886714,27.7500
1623080046835000,1,35.94740633,27.7500
1623080046835000,1,2577.42000000,27.7500
1623080046835000,1,38.00000000,27.7500
1623080046835000,1,1072.14000000,27.7500
1623080046835000,1,179.85043888,27.7400
1623080046835000,1,359.64035107,27.7300
1623080046835000,1,1000.00000000,27.7300
1623080046835000,1,74.00000000,27.7000
1623080046835000,1,376.00000000,27.6600
1623080046835000,1,371.19772725,27.6500
1623080046835000,1,372.91635945,27.6500
1623080046835000,1,30.40173000,27.6300
1623080046835000,1,1667.33640970,27.6300
1623080046890000,0,115.00000000,27.6300
1623080046943000,0,8.98851011,27.6300
1623080046952000,0,153.42247000,27.6300
1623080047015000,0,55.51700000,27.6300
1623080047024000,0,74.00000000,27.6300
1623080047029000,0,73.74796650,27.6300
1623080048265000,0,74.00000000,27.7800
1623080048485000,1,35.53310000,27.7600
1623080048864000,0,800.00000000,27.7900
1623080048864000,0,56.52000000,27.7900
1623080058457000,0,17.13040000,27.7900
1623080068796000,0,179.89889910,27.8000
1623080068796000,0,74.00000000,27.8000
1623080068796000,0,182.79483278,27.8000
1623080068799000,0,8.91211698,27.8000
1623080074795000,0,72.52000000,27.8000
1623080074813000,0,1.48000000,27.8000
1623080093787000,0,74.00000000,27.8000
1623080093787000,0,1932.38666666,27.8000
1623080113032000,0,6.54812291,27.7700
1623080119470000,0,13.89886001,27.7700
1623080119706000,0,7.66509215,27.7700
1623080119721000,0,61.36244651,27.7700
1623080120210000,1,35.54954954,27.7500
1623080120210000,1,179.85662998,27.7400
1623080120210000,1,269.84208099,27.7300
1623080120210000,1,176.85700000,27.7300
1623080120210000,1,185.38993088,27.7200
1623080120210000,1,178.30586581,27.7200
1623080120210000,1,180.03333635,27.7200
1623080120210000,1,191.19644255,27.7200
1623080120210000,1,359.79411338,27.7100
1623080120210000,1,359.91206745,27.7000
1623080120210000,1,1000.00000000,27.7000
1623080120210000,1,177.29079426,27.6600
1623080120210000,1,376.00000000,27.6500
1623080120308000,0,40.97587922,27.6500
1623080120403000,0,0.96315321,27.6500
1623080120432000,0,74.00000000,27.7400
1623080120511000,0,274.72400000,27.7600
1623080120594000,0,175.47430000,27.7700
1623080120644000,0,6.09000000,27.7600
1623080120722000,0,11.81053423,27.7700
1623080120722000,0,193.98434714,27.7700
1623080120722000,0,51.98131863,27.7700
1623080121330000,1,36.55960000,27.7300
1623080121502000,1,0.00008264,27.7300
1623080121502000,1,37.44031736,27.7200
1623080122011000,1,36.24720000,27.7400
1623080122690000,0,5.93886487,27.7500
1623080122693000,0,19.83094387,27.7500
1623080123050000,0,5.29842826,27.7500
1623080123224000,0,42.93176300,27.7500
1623080123224000,0,29.71823700,27.7600
1623080123264000,0,16.38000000,27.7600
1623080124310000,0,25.47000000,27.7600
1623080124776000,0,66.59274507,27.7600
1623080124879000,0,6.11904717,27.7600
1623080128080000,1,35.84864864,27.7500
1623080128080000,1,0.00009631,27.7400
1623080128080000,1,149.81125505,27.7400
1623080128423000,0,31.66161322,27.7500
1623080129241000,0,12.52000000,27.7500
1623080129574000,0,63.49040481,27.7500
1623080129647000,0,20.65165184,27.7500
1623080129722000,0,33.99701596,27.7500
1623080129762000,0,24.45909248,27.7500
1623080129820000,0,16.38607539,27.7500
1623080130215000,1,30.22170000,27.7400
1623080130539000,0,105.66130000,27.7400
1623080135588000,0,91.25712551,27.7400
1623080135743000,0,8.08157449,27.7400
1623080135743000,0,11.00913890,27.7400
1623080135811000,0,46.13571930,27.7400
1623080142258000,0,3.49575952,27.7500
1623080142258000,0,50.35424048,27.7500
1623080149157000,0,72.66000000,27.7500
1623080149195000,0,1.34000000,27.7500
1623080149195000,0,52.86000000,27.7600
1623080149222000,0,107.14000000,27.7600
1623080149222000,0,18.05000000,27.7600
1623080149229000,0,58.30000000,27.7600
1623080149258000,0,30.92000000,27.7600
1623080149265000,0,82.89702467,27.7600
1623080149349000,0,57.63745388,27.7700
1623080149380000,0,35.84000000,27.7700
1623080149385000,0,31.40000000,27.7700
1623080149489000,0,53.30836004,27.7700
1623080149536000,0,0.40756634,27.7700
1623080149536000,0,56.19243366,27.7700
1623080149561000,0,15.34590472,27.7700
1623080149806000,0,54.78000000,27.7600
1623080149806000,0,72.75896970,27.7600
1623080149897000,0,57.46103030,27.7600
1623080150000000,0,22.44652642,27.7700
1623080150038000,0,34.20915741,27.7700
1623080162270000,0,13.69000001,27.7700
1623080164843000,0,60.47494430,27.7800
1623080181556000,1,36.37240000,27.7600
1623080190918000,0,3.70941745,27.7700
1623080191360000,0,18.31732885,27.7700
1623080226309000,1,36.08570000,27.7700
1623080312787000,0,38.00000000,27.7900
1623080327521000,0,29.37569603,27.7900
1623080327521000,0,24.82430397,27.8000
1623080327680000,0,49.17569603,27.8000
1623080327680000,0,5.67158241,27.8000
1623080328374000,0,32.32840000,27.8000
1623080330037000,0,74.00000000,27.8100
1623080332214000,1,35.83810000,27.8000
1623080334410000,0,53.80000000,27.8100
1623080338051000,0,115.00000000,27.8200
1623080338051000,0,38.00000000,27.8200
1623080338051000,0,20.77174694,27.8200
1623080343669000,0,4.40795102,27.8200
1623080368982000,0,38.00000000,27.8200
1623080369209000,0,38.82921963,27.8200
1623080369286000,0,8.17941007,27.8200
1623080369287000,0,6.50192826,27.8200
1623080369430000,0,34.23174531,27.8200
1623080369508000,0,250.93167239,27.8200
1623080369508000,0,5.91362761,27.8200
1623080369549000,0,42.42240366,27.8200
1623080369605000,0,7.01724007,27.8200
1623080418646000,0,27.62888818,27.8300
1623080418699000,0,18.74222364,27.8300
1623080418751000,0,5.85595142,27.8300
1623080418876000,0,53.62750485,27.8400
1623080418940000,0,16.45327167,27.8400
1623080420216000,0,31.66963548,27.8500
