timestamp ms,type,amount,price
1623283229107000,0,80.52015035,25.6000
1623283229141000,0,35.27000000,25.6000
1623283229143000,0,43.23000000,25.6000
1623283229160000,0,77.98000000,25.6000
1623283229352000,0,157.57000000,25.6000
1623283229368000,0,59.10000000,25.6000
1623283230882000,0,40.00000000,25.6000
1623283231038000,0,975.93800749,25.6000
1623283231597000,0,975.83016009,25.6000
1623283231718000,0,59.35310292,25.6000
1623283232076000,0,77.10000000,25.6000
1623283232115000,0,975.76727850,25.6000
1623283232128000,0,74.61000000,25.6000
1623283232128000,0,95.87000000,25.6000
1623283232131000,0,40.26000000,25.6000
1623283232398000,0,6.24731561,25.6000
1623283232672000,0,975.70303423,25.6000
1623283232713000,0,51.93081097,25.6000
1623283232808000,0,6.26672864,25.6000
1623283233204000,0,975.60431503,25.6000
1623283233206000,0,981.35784559,25.6000
1623283233830000,0,44.02700000,25.6200
1623283233991000,0,29.49822397,25.6200
1623283334426000,0,50.92645530,25.6500
1623283334513000,0,186.68722035,25.6500
1623283334513000,0,117.07384126,25.6500
1623283334513000,0,62.32257583,25.6500
1623283358716000,1,88.99999999,25.7400
1623283358807000,1,0.00000001,25.7400
1623283361826000,1,89.00000000,25.7300
1623283365982000,1,89.00000000,25.7500
1623283371991000,1,89.00000000,25.7700
1623283374656000,0,8.32090825,25.7800
1623283374657000,0,12.01516861,25.7800
1623283375480000,0,48.07880000,25.7800
1623283376755000,1,88.99999999,25.7700
1623283376756000,1,0.00000001,25.7700
1623283382593000,1,89.00000000,25.7700
1623283383602000,1,89.00000000,25.7800
1623283385078000,1,89.00000000,25.7700
1623283394866000,0,5.00000000,25.8100
1623283394933000,1,89.00000000,25.7900
1623283395907000,1,89.00000000,25.7700
1623283409540000,1,89.00000000,25.7500
1623283440096000,1,106.01252068,25.6600
1623283440099000,1,88.55440846,25.6600
1623283440712000,1,176.85700000,25.6400
1623283440712000,1,179.14300000,25.6400
1623283549489000,1,1.51600000,25.4700
1623283563484000,1,0.00003157,25.4700
1623283570447000,0,80.00000000,25.4400
1623283570447000,0,96.06600000,25.4400
1623283570726000,0,80.00007155,25.4400
1623283634935000,1,80.00000000,25.4400
1623283639408000,1,214.96779627,25.4300
1623283639408000,1,211.17500840,25.4300
1623283639408000,1,206.97569533,25.4300
1623283641421000,1,89.00000000,25.4200
1623283642026000,1,8.36550000,25.4100
1623283642169000,1,8.36550000,25.4100
1623283644219000,1,78.00000000,25.4200
1623283665799000,1,80.63450000,25.4200
1623283714276000,1,356.00000000,25.4300
1623283743128000,0,89.00000000,25.4200
1623283762036000,0,87.22000000,25.4400
1623283763407000,0,1.78000000,25.4400
1623283763407000,0,4.10000000,25.4500
1623283767367000,0,87.22000000,25.4500
1623283767594000,0,1.78000000,25.4500
1623283779748000,0,89.00000000,25.4600
1623283780688000,0,87.22000000,25.4600
1623283780852000,0,1.78000000,25.4600
1623283781651000,0,89.00000000,25.4700
1623283782079000,0,87.22000000,25.4700
1623283783202000,0,1.74440000,25.4700
1623283802407000,0,87.22000000,25.4800
1623283802656000,0,1.78000000,25.4800
1623283803745000,0,87.22000000,25.5000
1623283803791000,0,1.78000000,25.5000
1623283805773000,0,80.00000000,25.5400
1623283852016000,0,89.00000000,25.4300
1623283860024000,0,89.00000000,25.4300
1623284002750000,1,14.80000000,25.3000
1623284036996000,0,197.85190000,25.2900
1623284037367000,0,0.00002665,25.2900
1623284037367000,0,60.01767335,25.3000
1623284037408000,0,137.86258890,25.3000
1623284037408000,0,218.51842174,25.3000
1623284037408000,0,211.89625670,25.3000
1623284040505000,0,138.01780000,25.3100
1623284069651000,1,3.00000000,25.3500
1623284093722000,1,3.00000000,25.2500
1623284156821000,1,21.15060000,25.2300
1623284158170000,1,0.00001434,25.2300
1623284163858000,1,19.50000000,25.2100
1623284167402000,1,19.70000000,25.2000
1623284168503000,1,200.32210635,25.1800
1623284168503000,1,19.30000000,25.1800
1623284185569000,1,186.70006953,25.1300
1623284276286000,0,2.78472000,25.2600
1623284276286000,0,82.85842106,25.2600
1623284276765000,0,1.55245835,25.2600
1623284284801000,0,89.00000000,25.2400
1623284286127000,0,4.49733818,25.2600
1623284286462000,0,0.09178241,25.2600
1623284289095000,0,47.70640000,25.2700
1623284289989000,0,41.29360000,25.2700
1623284312586000,0,87.22000000,25.2400
1623284312692000,0,1.78000000,25.2400
1623284321353000,0,87.22000000,25.2600
1623284321382000,0,1.78000000,25.2600
1623284349287000,0,89.00000000,25.1800
1623284357491000,0,87.22000000,25.1500
1623284364374000,0,87.22000000,25.1700
1623284364400000,0,1.78000000,25.1700
1623284443374000,0,14.64387032,25.1100
1623284443475000,0,16.87000000,25.1100
1623284443598000,0,57.48612000,25.1100
1623284443723000,0,0.00000968,25.1100
1623284472017000,0,198.94998835,25.1600
1623284478702000,0,5.00000000,25.1700
1623284535279000,0,87.22000000,25.1000
1623284537004000,0,199.17494416,25.1300
1623284537807000,0,199.17490000,25.1300
1623284537886000,0,0.00004416,25.1300
1623284537886000,0,126.95875584,25.1300
1623284538068000,0,0.00013063,25.1300
1623284539384000,0,157.18120000,25.1300
1623284658565000,1,88.99999999,25.1500
1623284658596000,1,0.00000001,25.1500
1623284837792000,1,88.99990000,25.2000
1623285160670000,1,89.00000000,25.1500
1623285475492000,1,6.31329113,25.1300
1623285497362000,1,89.00000000,25.1500
1623285497362000,1,176.85700000,25.1400
1623285497362000,1,40.26252982,25.1400
1623285497362000,1,220.43966772,25.1400
1623285497362000,1,200.22023317,25.1400
1623285497362000,1,92.99694724,25.1400
1623285498473000,1,113.62554139,25.1400
1623285498473000,1,70.68765861,25.1400
1623285504431000,1,4.73496835,25.1400
1623285549455000,1,1.54698803,25.0700
1623285552602000,1,39.79537000,25.0600
1623285561241000,1,28.89634166,25.0500
1623285594288000,1,669.04678435,25.0300
1623285594288000,1,83.44959592,25.0300
1623285594288000,1,246.60190298,25.0300
1623285596025000,1,270.83154000,25.0200
1623285596106000,1,150.00000000,25.0200
1623285596184000,1,252.95441949,25.0200
1623285596184000,1,157.04558051,25.0200
1623285596271000,1,518.33441712,25.0200
1623285620166000,0,87.22000000,25.0100
1623285636857000,0,87.21990000,25.0400
1623285656234000,0,5.88000000,25.0400
1623285657367000,0,190.80178555,25.0400
1623285663537000,0,87.22000000,25.0700
1623285663621000,0,1.78000000,25.0700
1623285663678000,0,33.10000000,25.0800
1623285663787000,0,40.52414708,25.0800
1623285663989000,0,23.07000000,25.0800
1623285664034000,0,22.10000000,25.0800
1623285719646000,0,87.22000000,25.0400
1623285735008000,1,1.00000000,25.0200
1623285746370000,1,1.00000000,25.0500
1623285746383000,0,11.72080000,25.0700
1623285746746000,0,175.22000000,25.0700
1623285750760000,1,1.00000000,25.0600
1623285757187000,1,1.00000000,25.0400
1623285773325000,0,87.22000000,25.0400
1623285773334000,0,1.78000000,25.0400
1623285792168000,0,89.00000000,25.0800
1623285807243000,1,1.00000000,25.0400
1623285978387000,1,1.00000000,24.9900
1623285990288000,1,8.20490507,25.0100
1623285998129000,1,89.00000000,25.0300
1623286184817000,1,98.20490000,25.0200
1623286401250000,0,199.46920000,25.1100
1623286430907000,0,39.28328040,25.1100
1623286431437000,0,11.07779471,25.1100
1623286431500000,0,38.63892489,25.1100
1623286471746000,0,11.17200000,25.1000
1623286472535000,0,76.27144000,25.1000
1623286478693000,0,89.00000000,25.0900
1623286543712000,0,195.38500126,25.0900
1623286547138000,0,50.06400019,25.1200
1623286547157000,0,15.28800000,25.1200
1623286556879000,0,19.60000000,25.1500
1623286557056000,0,69.40000000,25.1500
1623286639324000,0,5.70595816,25.0600
1623286639680000,0,199.52524108,25.0700
1623286639680000,0,79.60000000,25.0700
1623286640296000,0,146.37590000,25.0700
1623286743703000,0,27.44000000,25.0100
1623286754597000,0,27.44000000,25.0200
1623286803797000,0,0.84280000,25.0500
1623286812744000,0,5.14431400,25.1000
1623286815037000,0,0.10498600,25.1000
1623286890773000,0,163.00596896,25.1300
1623287187440000,0,44.23720000,25.1600
1623287224923000,0,77.90758794,25.1700
1623287224957000,0,1.58995077,25.1700
1623287225733000,0,87.22000000,25.1800
1623287265116000,0,87.22000000,25.2200
1623287265314000,0,1.78000000,25.2200
1623287289154000,0,89.00000000,25.1900
1623287306100000,0,7.81511000,25.2100
1623287335487000,0,87.22000000,25.2100
1623287378081000,0,87.22000000,25.2500
1623287378152000,0,1.78000000,25.2500
1623287395030000,0,87.22000000,25.2500
1623287396057000,0,1.74440000,25.2500
1623287420706000,0,89.00000000,25.2400
1623287420706000,0,75.91833166,25.2400
1623287420717000,0,3.36568024,25.2400
1623287427868000,0,77.69833166,25.2400
1623287467827000,0,87.22000000,25.3000
1623287472127000,0,1.74440000,25.3000
1623287476531000,0,87.22000000,25.3100
1623287491778000,0,87.22000000,25.2900
1623287493141000,0,1.74440000,25.2900
1623287528357000,1,197.67103911,25.2800
1623287528357000,1,89.00000000,25.2800
1623287528357000,1,48.50946338,25.2800
1623287601544000,0,4.54143000,25.3700
1623287602133000,0,5.30030000,25.3800
1623287606577000,0,91.65020000,25.3800
1623287607995000,0,45.82510000,25.3900
1623287608309000,0,22.91250000,25.4000
1623287608622000,0,11.45630000,25.4000
1623287609425000,0,5.72810000,25.4000
1623287609647000,0,2.86410000,25.4000
1623287609942000,0,1.43200000,25.4000
1623287616275000,0,356.00000000,25.4100
1623287616370000,0,119.25820000,25.4100
1623287616430000,0,528.42707485,25.4100
1623287616430000,0,29.45261300,25.4100
1623287644576000,1,240.10000000,25.4700
1623287654020000,1,50.50000000,25.4400
1623287667493000,0,18.63960000,25.3700
1623287667511000,0,70.36040000,25.3700
1623287687598000,0,59.12290000,25.4000
1623287694113000,0,0.00001567,25.4000
1623287733849000,0,59.14483520,25.3800
1623287733849000,0,89.99046480,25.3800
1623287767838000,1,87.22000000,25.4000
1623287798434000,0,143.05100000,25.4000
1623287805840000,0,49.10829423,25.4100
1623287805845000,0,21.34970577,25.4100
1623287826035000,0,59.02358000,25.4400
1623287909723000,0,4.68782020,25.4500
1623287921254000,0,0.09566980,25.4500
1623288244822000,0,4.90407680,25.3900
1623288245646000,0,0.10008320,25.3900
1623288340730000,1,213.09685109,25.3800
1623288395942000,1,199.19480000,25.3400
1623288594667000,0,87.22000000,25.3700
1623288821135000,0,9.77235000,25.3200
1623288867712000,1,80.00000000,25.2400
1623288867960000,1,63.17083887,25.2400
1623288868021000,1,4.14580565,25.2400
1623288868087000,1,21.68335548,25.2400
1623288868931000,1,16.19200000,25.2200
1623288891704000,1,89.00000000,25.2200
1623288892271000,1,89.00000000,25.2000
1623289016012000,0,274.28242000,25.2000
1623289016109000,0,11.93458000,25.2000
1623289029901000,1,76.08300000,25.1800
1623289207113000,1,218.46680000,25.1500
1623289275227000,0,5.93531120,25.2000
1623289367631000,1,88.99999999,25.1300
1623289367682000,1,0.00000001,25.1300
1623289480045000,0,5.09962600,25.1300
1623289480055000,0,0.10407400,25.1300
1623289556426000,0,79.24280000,25.1700
1623289562557000,0,215.25493156,25.1900
1623289562557000,0,82.91490137,25.1900
1623289566745000,1,146.89300000,25.1600
1623289580508000,0,19.60000000,25.1800
1623289582109000,0,68.01200000,25.1800
1623289582467000,0,1.38800000,25.1800
1623289587148000,0,60.49540000,25.1900
1623289588038000,0,87.22000000,25.2000
1623289588959000,0,166.42358311,25.2100
1623289617416000,0,30.57600000,25.1900
1623289619474000,0,53.86080000,25.1900
1623289631005000,1,214.91460000,25.1600
1623289656233000,1,206.79030000,25.1300
1623289681204000,0,205.00000000,25.1500
1623289681204000,0,19.89420000,25.1500
1623289681277000,0,0.00008513,25.1500
1623289681277000,0,19.88739635,25.1600
1623289681277000,0,15.87511852,25.1600
1623289753430000,0,5.74104580,25.1900
1623289753516000,0,0.11716420,25.1900
1623289998871000,1,87.22000000,25.0700
1623289998904000,1,1.78000000,25.0700
1623290005842000,1,54.60560000,25.0500
1623290031531000,1,87.22000000,25.0300
1623290035736000,1,87.22000000,25.0200
1623290060502000,1,87.22000000,25.0100
1623290062211000,1,1.74440000,25.0100
1623290109062000,0,4.97360000,25.0800
1623290109702000,0,0.00003000,25.0800
1623290171978000,1,202.29458848,25.0100
1623290172506000,1,19.40000000,25.0100
1623290188551000,0,6.23468845,25.0200
1623290202160000,1,179.08070000,25.0200
1623290203833000,0,87.22000000,25.0400
1623290203903000,0,1.78000000,25.0400
1623290214134000,0,35.33880000,25.0500
1623290223832000,0,177.06707466,25.0500
1623290223832000,0,212.08079130,25.0500
1623290225080000,0,89.00000000,25.0600
1623290225357000,0,215.00000000,25.0600
1623290225373000,0,99.52880000,25.0600
1623290225441000,0,10.35720000,25.0600
1623290226785000,0,116.87481640,25.0700
1623290226798000,0,96.81550921,25.0700
1623290226977000,0,89.00000000,25.0700
1623290228759000,0,23.30000000,25.0900
1623290236493000,0,136.34740000,25.0800
1623290237824000,0,8.89016800,25.0800
1623290237952000,0,0.18143200,25.0800
1623290347346000,1,106.71217000,25.0300
1623290419365000,0,89.00000000,25.0200
1623290429358000,1,17.83600000,25.0200
1623290467235000,1,89.00000000,25.0200
1623290467235000,1,165.44720000,25.0200
1623290503650000,1,89.00000000,24.9600
1623290706564000,0,9.58830000,24.9900
1623290812152000,1,124.58100000,24.9800
1623290879964000,0,194.85700000,25.0200
1623290927718000,0,89.00000000,25.0400
1623290927718000,0,19.98341074,25.0400
1623290927718000,0,80.00000000,25.0400
1623290927718000,0,202.01594847,25.0500
1623290927718000,0,219.96240750,25.0500
1623290927718000,0,19.97662879,25.0500
1623290927718000,0,80.88966279,25.0500
1623290927718000,0,109.03221452,25.0500
1623291015225000,0,5.71102000,25.0400
1623291015225000,0,19.98658000,25.0400
1623291017232000,0,0.00009322,25.0400
1623291017232000,0,19.97460678,25.0500
1623291019498000,0,0.00016339,25.0500
1623291049875000,0,39.18090000,25.1500
1623291050272000,0,0.00001451,25.1500
1623291050523000,0,89.00000000,25.1500
1623291149604000,0,19.95767917,25.0800
1623291150623000,0,19.95760000,25.0800
1623291157874000,0,0.00007917,25.0800
1623291157874000,0,19.95767917,25.0800
1623291157874000,0,33.27394166,25.0800
1623291231627000,1,39.85256499,25.0400
1623291232566000,1,49.14743000,25.0400
1623291232706000,1,0.00000501,25.0400
1623291233017000,1,89.00000000,25.0400
1623291243636000,0,6.19065000,25.0500
1623291322030000,0,19.95813000,25.0700
1623291322049000,0,0.00000522,25.0700
1623291324729000,0,19.94528571,25.0900
1623291324729000,0,29.95317014,25.1000
1623291324729000,0,40.24701195,25.1000
1623291324729000,0,265.85453220,25.1000
1623291408965000,1,7.05600000,25.0600
1623291409678000,1,74.79360000,25.0600
1623291410971000,1,5.88000000,25.0600
1623291421430000,1,1.96000000,25.0600
1623291442578000,1,121.98152096,25.0600
1623291442578000,1,84.78036958,25.0600
1623291453795000,1,116.32600000,25.0500
1623291454062000,1,95.72613510,25.0500
1623291454062000,1,205.47955092,25.0500
1623291531528000,1,204.18054999,25.0300
1623291531528000,1,83.13638900,25.0300
1623291546677000,0,6.14971000,25.0600
1623291719485000,0,19.16043719,25.0500
1623291719500000,0,61.44932625,25.0500
1623291719684000,0,243.75858000,25.0500
1623291719694000,0,17.96192072,25.0500
1623291719715000,0,11.14673584,25.0500
1623291719715000,0,19.98726008,25.0500
1623291719736000,0,9.97884484,25.0500
1623291719770000,0,196.02689508,25.0500
1623291753764000,0,52.70134311,25.0400
1623291754076000,0,9.14948015,25.0400
1623291755978000,1,50.00000000,25.0200
1623291784340000,1,9.00000000,25.0700
1623291784515000,1,284.06560000,25.0700
1623291827344000,1,89.00000000,25.1100
1623291831901000,1,89.00000000,25.0800
1623291864616000,0,5.40401000,25.0900
1623291864878000,0,5.40401000,25.0900
1623292150581000,0,5.40400000,25.0500
1623292262981000,0,6.27076000,25.0700
1623292456235000,0,5.19851000,24.9800
1623292571128000,0,83.11086000,25.0600
1623292571154000,0,1.69614000,25.0600
1623292621892000,0,19.98360000,25.0300
1623292632540000,0,0.00000262,25.0300
1623292632540000,0,46.05999738,25.0400
1623292632578000,0,59.35400262,25.0400
1623292663619000,0,19.57319405,25.0400
1623292663626000,0,0.39945294,25.0400
1623292718802000,0,87.22000000,25.0600
1623292719246000,0,21.13380891,25.0700
1623292719278000,0,48.40000000,25.0700
1623292719294000,0,59.40000000,25.0700
1623292719406000,0,10.70000000,25.0700
1623292719502000,0,43.70000000,25.0700
1623292719585000,0,15.30000000,25.0700
1623292719634000,0,87.22000000,25.0700
1623292719706000,0,110.70519109,25.0700
1623292722181000,0,89.00000000,25.0900
1623292784894000,0,5.05120000,25.0800
1623292980606000,0,52.52880000,25.0300
1623292981416000,0,31.42000000,25.0400
1623293221009000,0,5.34937000,25.0100
1623293221009000,0,223.41500000,25.0100
1623293223581000,0,110.04000000,25.0100
1623293435267000,0,8.76017000,25.0600
1623293439702000,0,87.22000000,25.0700
1623293439957000,0,1.78000000,25.0700
1623293511943000,1,356.00000000,25.0500
1623293967136000,0,66.17672930,25.0100
1623294008346000,0,89.00000000,25.0600
1623294100589000,0,87.22000000,25.0800
1623294109870000,0,243.97884000,25.0800
1623294111517000,0,4.97916000,25.0800
1623294111517000,0,31.67284000,25.0800
1623294133553000,0,66.17800000,25.1000
1623294134713000,0,15.21940000,25.1200
1623294136295000,0,87.22000000,25.1300
1623294166309000,0,3.92000000,25.1800
1623294178255000,0,80.88920000,25.2000
1623294180765000,0,7.94858400,25.2000
1623294185716000,1,5.30376016,25.1800
1623294186704000,0,89.00000000,25.1800
1623294206797000,0,11.38482900,25.2300
1623294207563000,0,16.86887300,25.2300
1623294207643000,0,24.82789526,25.2300
1623294209980000,1,19.60000000,25.2100
1623294220106000,0,3.92000000,25.2300
1623294224053000,0,87.22000000,25.2400
1623294310114000,0,205.11492109,25.2700
1623294310114000,0,150.88507891,25.2700
1623294438060000,0,32.50221291,25.2500
1623294438287000,0,40.09890000,25.2500
1623294438600000,0,10.83400000,25.2500
1623294439027000,0,0.00007097,25.2500
1623294439027000,0,39.59224068,25.2600
1623294439027000,0,424.28388835,25.2600
1623294475030000,1,89.00000000,25.2400
1623294491637000,1,3.75997153,25.2000
1623294491719000,1,13.70000000,25.2000
1623294492686000,0,89.00000000,25.2200
1623294493464000,1,39.88828715,25.2100
1623294493665000,1,49.11171000,25.2100
1623294494248000,1,89.00000000,25.2100
1623294494579000,1,89.00000000,25.2100
1623294557424000,1,13.73858766,25.2200
1623294573910000,0,29.39128712,25.2500
1623294780115000,1,206.24349947,25.2200
1623294780115000,1,217.27788170,25.2200
1623294780115000,1,35.21681883,25.2200
1623294914998000,1,43.34832670,25.1800
1623294972030000,1,89.00000000,25.2500
1623294972814000,0,19.80000000,25.2700
1623294972814000,0,245.65506000,25.2700
1623294972959000,0,88.99980000,25.2700
1623294973058000,0,35.83321797,25.2700
1623294973161000,0,23.77892203,25.2700
1623294973161000,0,104.80500000,25.2700
1623294978400000,1,14.24264931,25.2500
1623294978509000,1,10.44218091,25.2500
1623295007938000,1,24.68470000,25.2300
1623295333807000,0,316.41608000,25.1600
1623295333887000,0,21.19292000,25.1600
1623295445063000,0,35.53103165,25.1900
1623295445344000,0,24.14309400,25.1900
1623295445413000,0,58.96135090,25.1900
1623295445444000,0,47.64952345,25.1900
1623295445665000,0,58.59999999,25.2000
1623295446484000,0,59.20000001,25.2000
1623295672140000,0,89.00000000,25.1700
1623295672648000,0,61.65710243,25.1800
1623295812300000,0,61.65710000,25.1300
1623295812438000,0,89.00000000,25.1300
1623295922540000,0,5.64210664,25.1100
1623295922542000,0,25.49407275,25.1100
1623295922543000,0,74.65414857,25.1100
1623295922744000,0,33.07519979,25.1100
1623295922762000,0,120.38847225,25.1100
1623295996301000,0,165.75200000,25.1400
1623296354958000,0,7.01729537,25.0000
1623296355095000,0,8.32377370,25.0000
1623296355110000,0,2.53138047,25.0000
1623296355110000,0,33.29176750,25.0000
1623296355160000,0,37.83578296,25.0000
1623296355177000,1,80.00000000,24.9900
1623296355177000,1,83.00596896,24.9800
1623296397707000,0,5.99370000,24.9900
1623296448063000,0,200.38090000,24.9400
1623296452757000,1,40.34490000,24.9300
1623296460775000,1,40.55644000,24.9800
1623296464057000,1,39.61569000,24.9800
1623296576585000,1,206.68660000,24.9300
1623296850766000,0,171.44300000,24.9200
1623296851307000,0,59.78893670,24.9300
1623296851735000,0,288.29206330,24.9300
1623297470237000,1,337.45770000,24.8500
1623297681591000,1,127.02176000,24.8100
1623297681660000,1,0.00000541,24.8100
1623297691484000,1,89.00000000,24.7800
1623297691484000,1,220.03857212,24.7700
1623297691484000,1,203.29056113,24.7700
1623297691484000,1,413.34435011,24.7700
1623297693020000,1,89.00000000,24.7800
1623297726683000,0,59.65324745,24.8400
1623297727114000,0,101.24897000,24.8400
1623297727235000,0,65.91378000,24.8400
1623297728135000,0,0.00000255,24.8400
1623297814125000,0,39.16000048,24.8600
1623297816336000,0,20.00000000,24.8600
1623297818550000,0,42.80000000,24.8600
1623297818584000,0,9.75499952,24.8600
1623297818584000,0,8.44500048,24.8700
1623297821654000,0,32.30000000,24.8800
1623297854599000,0,36.43907560,24.8800
1623297854626000,0,16.07549050,24.8800
1623297854681000,0,23.75487500,24.8800
1623297854722000,0,70.64718156,24.8900
1623297854808000,0,18.90000000,24.8900
1623297854885000,0,17.01193041,24.8900
1623297854954000,0,36.66512500,24.8900
1623297933719000,0,76.26920000,24.8700
1623297949134000,0,7.32840000,24.8900
1623297949436000,0,90.04320000,24.8900
1623297949544000,0,0.00009000,24.8900
1623297988437000,1,89.00000000,24.9100
1623298055041000,0,3.07279783,24.9400
1623298057661000,1,89.00000000,24.9300
1623298132771000,0,3.07279783,24.9500
1623298273399000,0,7.11010000,25.0200
1623298273483000,0,52.83999999,25.0200
1623298354235000,1,199.78761000,25.0000
1623298366860000,0,12.63074852,25.0100
1623298367014000,0,78.89573367,25.0100
1623298367042000,0,107.13879559,25.0100
1623298367045000,0,59.89008303,25.0100
1623298367054000,0,163.18163919,25.0100
1623298367054000,0,148.17800000,25.0100
1623298367244000,0,53.13498017,25.0200
1623298367518000,0,7.23362837,25.0200
1623298367699000,0,19.92962502,25.0200
1623298367929000,0,8.39963916,25.0200
1623298628597000,0,219.26600000,24.9600
1623298673389000,1,89.00000000,24.9400
1623298676453000,1,89.00000000,24.9300
1623298683327000,1,89.00000000,24.9200
1623299255162000,1,219.35360000,24.7900
1623299266558000,1,39.97982243,24.7800
1623299267037000,1,47.64640000,24.7700
1623299352232000,0,40.49995953,24.8300
1623299404941000,1,201.75130000,24.7600
1623299421607000,1,0.00003153,24.7600
1623299517584000,0,3.07420000,24.8500
1623299519674000,0,52.39399403,24.8700
1623299519696000,0,9.71192431,24.8700
1623299519723000,0,26.89408166,24.8700
1623299597670000,0,211.07785717,24.8100
1623299597670000,0,220.36944790,24.8100
1623299597670000,0,68.55269493,24.8100
1623299600113000,0,80.00000000,24.7800
1623299600275000,0,77.55240000,24.7800
1623299632782000,0,3.07420000,24.7900
1623299816240000,1,88.99999999,24.7100
1623299816241000,1,0.00000001,24.7100
1623299816480000,1,72.70481144,24.6800
1623299816909000,1,37.67928044,24.6900
1623299816922000,1,6.32358252,24.6900
1623299816994000,1,10.11637391,24.6900
1623299817125000,1,7.36386697,24.6900
1623299817197000,1,13.70600000,24.6900
1623299817266000,1,13.81089616,24.6900
1623299908337000,1,88.99950000,24.6100
1623299911300000,0,89.00000000,24.6400
1623299968195000,1,250.00000000,24.5900
1623299975188000,0,88.99999999,24.5900
1623299975226000,0,0.00000001,24.5900
1623300061894000,0,89.00000000,24.6500
1623300119008000,1,250.00000000,24.6400
1623300146589000,0,60.90386934,24.6400
1623300146589000,0,56.16393066,24.6400
1623300146851000,0,60.93210000,24.6400
1623300167893000,0,263.28400000,24.6400
1623300200073000,0,356.00000000,24.6600
1623300200285000,0,17.34443523,24.6600
1623300200354000,0,121.38560685,24.6600
1623300200417000,0,60.12999932,24.6600
1623300200429000,0,61.36999999,24.6600
1623300200510000,0,8.60000000,24.6600
1623300200517000,0,23.80000000,24.6600
1623300200541000,0,51.30000000,24.6600
1623300200548000,0,10.57996188,24.6600
1623300200549000,0,38.83699673,24.6600
1623300234191000,0,0.80867450,24.6700
1623300245548000,1,40.51136363,24.6400
1623300276331000,1,41.21030000,24.6200
1623300288866000,1,176.85700000,24.5700
1623300288866000,1,90.14300000,24.5700
1623300320524000,0,41.32000000,24.6200
1623300541362000,0,25.56386509,24.6500
1623300544736000,0,5.32672383,24.6500
1623300658203000,0,13.32595832,24.6800
1623300658243000,0,60.38989989,24.6800
1623300658286000,0,13.13117127,24.6800
1623300658351000,0,30.81387404,24.6800
1623300658483000,0,17.24753700,24.6800
1623300778846000,0,4.99238504,24.6600
1623300843227000,0,83.94410000,24.6800
1623300843991000,0,5.66047780,24.6800
1623300844017000,0,36.39660237,24.6800
1623300844017000,0,19.72788426,24.6800
1623300844045000,0,16.96938451,24.6800
1623300844123000,0,2.60816655,24.6800
1623300844245000,0,16.96938451,24.6800
1623300943516000,1,89.00000000,24.6500
1623300943833000,0,89.00000000,24.6500
1623300944934000,0,72.00000000,24.6500
1623300976959000,0,10.80551696,24.6300
1623300976961000,0,67.80946723,24.6300
1623300976962000,0,7.18488130,24.6300
1623300977039000,0,45.44882664,24.6300
1623301028648000,1,89.00000000,24.6500
1623301154955000,0,60.42000014,24.6300
1623301155520000,0,57.67443563,24.6300
1623301202707000,1,203.05920000,24.6000
1623301203405000,1,40.40683480,24.5800
1623301203406000,1,0.00000001,24.5800
1623301205076000,1,23.58761942,24.5600
1623301205127000,1,61.27045909,24.5600
1623301205157000,1,4.14192149,24.5600
1623301205314000,1,165.00000000,24.5600
1623301205406000,1,14.91763640,24.5600
1623301207525000,1,152.94070000,24.5500
1623301208104000,1,93.05930000,24.5500
1623301343218000,0,356.00000000,24.6300
1623301343993000,0,24.07621523,24.6300
1623301344042000,0,32.41505264,24.6300
1623301344047000,0,90.31073213,24.6300
1623301403298000,0,61.50103207,24.6500
1623301409884000,0,58.97000000,24.6500
1623301410022000,0,117.53967368,24.6500
1623301410036000,0,83.45329425,24.6500
1623301425857000,1,356.00000000,24.6100
1623301425866000,1,13.11621292,24.6100
1623301552175000,0,13.45600000,24.7200
1623301565843000,1,34.00809000,24.7000
1623301581903000,0,30.85628139,24.7000
1623301582125000,0,58.14371861,24.7000
1623301640252000,0,114.25100000,24.6800
1623301659196000,0,102.45590000,24.7000
1623301664696000,0,26.79236839,24.7000
1623301758118000,1,89.00000000,24.6200
1623301758381000,0,89.00000000,24.6200
1623301758445000,0,55.62376622,24.6200
1623301758496000,0,1.88647433,24.6200
1623301805768000,1,19.40434801,24.6000
1623301977045000,0,71.49565962,24.6200
1623302162493000,1,36.90870000,24.6400
1623302195489000,1,89.00000000,24.6400
1623302486660000,1,16.08735636,24.5000
1623302492645000,1,225.01452502,24.4500
1623302492645000,1,163.98547498,24.4500
1623302493074000,0,70.88364247,24.4700
1623302493126000,1,18.11635753,24.4700
1623302493484000,1,10.10000000,24.4300
1623302493484000,1,39.90000000,24.4200
1623302499373000,1,89.00000000,24.4000
1623302508545000,1,46.61894421,24.3600
1623302516100000,0,9.89999999,24.3600
1623302517296000,0,0.00000001,24.3600
1623302539885000,0,356.00000000,24.4000
1623302539984000,0,223.24932000,24.4000
1623302540234000,0,77.29468000,24.4000
1623302556025000,0,195.00000000,24.3900
1623302556119000,0,224.75700000,24.3900
1623302574993000,1,205.50510000,24.3600
1623302575778000,0,61.47480579,24.3700
1623302627142000,0,20.52310000,24.3800
1623302781904000,1,323.00000000,24.4000
1623302821971000,0,89.00000000,24.4200
1623302856912000,0,94.75070000,24.4400
1623302857409000,0,137.70430000,24.4400
1623302857409000,0,62.29570000,24.4400
1623302857488000,0,86.32330000,24.4400
1623302879295000,1,6.36772457,24.4500
1623302879992000,1,67.14833008,24.4400
1623302879993000,1,20.56502423,24.4400
1623302880104000,1,27.28641927,24.4400
1623302880104000,1,8.65076428,24.4400
1623302880152000,1,26.07207637,24.4400
1623302880186000,1,25.61181990,24.4400
1623302880187000,1,44.72057586,24.4400
1623302880193000,1,16.94499001,24.4400
1623302909670000,1,15.00000000,24.3700
1623303006807000,0,10.02318202,24.4400
1623303027690000,0,19.62425824,24.4800
1623303027735000,0,11.64059326,24.4900
1623303060674000,0,4.08496732,24.4600
1623303073741000,0,6.16513518,24.4600
1623303115853000,0,19.62420000,24.4700
1623303117434000,0,14.78890000,24.4900
1623303117469000,0,5.63870911,24.4900
1623303117697000,0,14.82457863,24.5000
1623303157623000,1,200.00000000,24.4200
1623303168866000,1,10.22076860,24.4100
1623303204026000,0,20.46670000,24.4400
1623303211153000,0,45.61828879,24.4600
1623303219342000,0,91.73371121,24.4600
1623303219342000,0,89.00000000,24.4600
1623303219342000,0,80.00000000,24.4600
1623303219342000,0,20.45226941,24.4600
1623303219342000,0,62.64861234,24.4600
1623303219439000,1,332.77701000,24.4600
1623303219468000,1,0.00000783,24.4600
1623303231716000,0,20.44410000,24.4700
1623303232613000,0,0.00002269,24.4700
1623303232613000,0,20.44412269,24.4700
1623303233850000,0,37.89110000,24.4800
1623303235538000,0,17.55412538,24.4800
1623303240588000,0,61.67544827,24.4800
1623303241013000,0,161.74630000,24.4800
1623303241063000,0,0.00002635,24.4800
1623303323132000,0,10.22076860,24.4900
1623303370356000,0,20.41868546,24.5200
1623303370491000,0,20.40031323,24.5300
1623303372046000,0,21.27469846,24.5400
1623303372165000,0,3.21654154,24.5400
1623303426962000,1,4.14004721,24.5200
1623303428199000,0,10.20824826,24.5400
1623303458876000,0,7.69678359,24.5600
1623303541399000,0,10.18744906,24.5500
1623303636885000,1,32.83827044,24.5300
1623303654102000,0,20.38981061,24.5400
1623303669983000,1,32.83820000,24.5100
1623303700283000,1,89.00000000,24.5400
1623303725801000,1,41.31621841,24.5400
1623303734799000,0,20.37610000,24.5500
1623303735653000,0,78.92454138,24.5600
1623303735708000,0,17.33112443,24.5600
1623303735713000,0,68.74433419,24.5600
1623303759365000,0,4.05186384,24.5700
1623303780323000,0,20.36446537,24.5600
1623303896429000,1,59.05170000,24.5100
1623303898584000,1,0.00002357,24.5100
1623303903658000,0,9.43860071,24.5200
1623303927836000,0,43.36079766,24.5700
1623303927864000,0,60.40009064,24.5700
1623303938163000,0,58.88611170,24.5700
1623303947402000,1,29.94830000,24.5500
1623303947514000,1,39.46472999,24.5500
1623303947622000,1,18.45475660,24.5500
1623303947630000,1,21.82900565,24.5500
1623303947631000,1,28.39999999,24.5500
1623303947667000,1,5.38777963,24.5500
1623303947749000,1,9.94853891,24.5500
1623303947764000,1,87.56688923,24.5500
1623304023499000,1,110.00000000,24.5400
1623304023627000,1,55.22782000,24.5400
1623304023682000,1,0.00000750,24.5400
1623304028849000,0,12.72179226,24.5500
1623304086023000,1,24.65160100,24.5200
1623304086271000,1,37.14839899,24.5200
1623304086375000,1,20.40073380,24.5200
1623304086422000,1,41.12955831,24.5200
1623304086446000,1,41.12000000,24.5200
1623304086484000,1,40.96999999,24.5200
1623304086493000,1,300.00000000,24.5200
1623304086591000,1,80.40531072,24.5200
1623304086724000,1,81.37000000,24.5200
1623304086748000,1,1819.90439719,24.5200
1623304148572000,0,89.00000000,24.4900
1623304189719000,0,20.41430000,24.5000
1623304338168000,0,89.00000000,24.3900
1623304352704000,0,157.58570000,24.4400
1623304370097000,1,10.23751023,24.3800
1623304517576000,0,89.00000000,24.4100
1623304517576000,0,362.98700000,24.4200
1623304517576000,0,688.01300000,24.4200
1623304524658000,0,89.00000000,24.4200
1623304549072000,0,89.00000000,24.4200
1623304554004000,0,30.67108266,24.4400
1623304554013000,0,71.13451373,24.4400
1623304554019000,0,13.08418857,24.4400
1623304554021000,0,14.71971214,24.4400
1623304554021000,0,22.48844911,24.4400
1623304554079000,0,18.15234136,24.4400
1623304554102000,0,140.01707222,24.4400
1623304554128000,0,24.90766880,24.4400
1623304554145000,0,61.74858918,24.4400
1623304554245000,0,80.56136277,24.4400
1623304554246000,0,61.20000000,24.4400
1623304554325000,0,215.90261057,24.4400
1623304554341000,0,120.94470889,24.4400
1623304555994000,0,52.07400000,24.4600
1623304565415000,0,52.50400003,24.4700
1623304568884000,0,89.00000000,24.4700
1623304575008000,0,89.00000000,24.4900
1623304581505000,0,0.00009621,24.5000
1623304581505000,0,12.24430197,24.5000
1623304586183000,0,50.62235453,24.5000
1623304587666000,0,10.20199959,24.5000
1623304589710000,0,8.16199999,24.5200
1623304590128000,0,51.34118107,24.5200
1623304600479000,0,89.00000000,24.5300
1623304600479000,0,218.48667325,24.5400
1623304602076000,1,230.65832000,24.5100
1623304602185000,1,37.34168000,24.5100
1623304604739000,1,13.30531067,24.4900
1623304604739000,1,20.20000000,24.4900
1623304604977000,0,0.00000933,24.4900
1623304608688000,0,78.59600000,24.5100
1623304609897000,0,10.19592000,24.5100
1623304610128000,0,0.20808000,24.5100
1623304704615000,0,101.78748239,24.5200
1623304704615000,0,224.37774081,24.5200
1623304704615000,0,193.54674387,24.5200
1623304704615000,0,307.76263293,24.5200
1623304705117000,0,20.43050000,24.5100
1623304802302000,1,211.18402673,24.5000
1623304805325000,1,89.00000000,24.4900
1623304824813000,1,89.00000000,24.4900
1623304933952000,1,177.99980000,24.4400
1623304937576000,0,20.45666011,24.4600
1623305086444000,1,212.53758000,24.3700
1623305134629000,0,278.56300000,24.4300
1623305303284000,0,21.57945100,24.3700
1623305303296000,0,76.69832626,24.3700
1623305303366000,0,31.30674854,24.3700
1623305303373000,0,93.26387355,24.3700
1623305303555000,0,37.42054900,24.3700
1623305303649000,0,557.79305165,24.3700
1623305303649000,0,217.45900000,24.3700
1623305546358000,0,263.47700000,24.4200
1623305575746000,0,165.08296000,24.4300
1623305576005000,0,3.36904000,24.4300
1623305755928000,1,89.00000000,24.4200
1623305755928000,1,11.00000000,24.4100
1623305805129000,0,20.06131150,24.4400
1623305849825000,0,61.02639433,24.4700
1623305855348000,0,240.89145356,24.4700
1623305855355000,0,4.91615211,24.4700
1623305916952000,0,105.64988000,24.5000
1623305917662000,0,2.15612000,24.5000
1623306261302000,0,177.09188000,24.4900
1623306261424000,0,3.61412000,24.4900
1623306493952000,0,116.63544160,24.4300
1623306494333000,0,420.73155840,24.4300
1623306494333000,0,142.84400000,24.4300
1623306496753000,0,202.17329160,24.4500
1623306502628000,0,7.23059139,24.4500
1623306638787000,0,12.22916666,24.4800
1623306714700000,0,89.00000000,24.6300
1623306716943000,0,37.23587909,24.6500
1623306716957000,0,24.58190974,24.6500
1623306716959000,0,27.18221117,24.6500
1623306717551000,0,37.23580000,24.6700
1623306717579000,0,24.58190000,24.6700
1623306718049000,0,44.95162658,24.6500
1623306718662000,0,4.77133610,24.6700
1623306718809000,0,11.40200000,24.6700
1623306718856000,0,18.56502701,24.6700
1623306718919000,0,103.71000000,24.6700
1623306718926000,0,12.25910636,24.6700
1623306719007000,0,44.73112973,24.6700
1623306719022000,0,36.27461996,24.6700
1623306719022000,0,9.30000000,24.6700
1623306720571000,1,17.76940000,24.6600
1623306722551000,1,27.10000000,24.6600
1623306726616000,1,31.50000000,24.6400
1623306751664000,0,87.22000000,24.6100
1623306790728000,0,9.22000000,24.6000
1623306791527000,0,0.98000000,24.6000
1623306791527000,0,9.58440000,24.6100
1623306791827000,0,0.21560000,24.6100
1623306791959000,0,9.60000000,24.6200
1623306791959000,0,20.10000000,24.6200
1623306792721000,0,20.00000000,24.6200
1623306792721000,0,18.50000000,24.6300
1623306792762000,0,9.80000000,24.6300
1623306796903000,1,87.22000000,24.6100
1623306800547000,0,19.67114679,24.6300
1623306800551000,0,17.18507529,24.6300
1623306800655000,0,20.61163639,24.6300
1623306800660000,0,50.70423635,24.6300
1623306801220000,0,37.75940145,24.6300
1623306801248000,0,127.66050373,24.6300
1623306801248000,0,148.69300000,24.6300
1623306805473000,1,89.00000000,24.6700
1623306831348000,1,89.00000000,24.6600
1623306838147000,1,19.90000000,24.6500
1623306841182000,1,19.90000000,24.6400
1623306844845000,1,19.90000000,24.6300
1623306983038000,1,40.60002250,24.5900
1623306983215000,1,10.00000000,24.5900
1623307364011000,0,292.84191000,24.4700
1623307364068000,0,32.98264682,24.4700
1623307364099000,0,165.00000000,24.4700
1623307364184000,0,143.26444318,24.4700
1623307413487000,1,205.81040000,24.4300
1623307463238000,0,11.75583578,24.4200
1623307485760000,1,39.50960000,24.4100
1623307524412000,1,356.00000000,24.3700
1623307661739000,0,536.52452000,24.4400
1623307662385000,0,10.94948000,24.4400
1623307672539000,0,203.55764617,24.4700
1623307672539000,0,21.83819964,24.4700
1623307672789000,0,189.95426946,24.4700
1623307672789000,0,89.00000000,24.4700
1623307693292000,0,142.62038000,24.4500
1623307694293000,0,2.85240760,24.4500
1623307694344000,0,0.05821240,24.4500
1623307721459000,0,89.00000000,24.5000
1623307965083000,1,217.68818719,24.4600
1623308132389000,0,40.99130000,24.4100
1623308147259000,1,216.91085186,24.3900
1623308147259000,1,49.13954814,24.3900
1623308293486000,0,440.00000000,24.3800
1623308293487000,0,33.85000000,24.3800
1623308293487000,0,11.37125935,24.3800
1623308293577000,0,291.58174065,24.3800
1623308296759000,0,87.22000000,24.3900
1623308296858000,0,1.78000000,24.3900
1623308296858000,0,89.00000000,24.4000
1623308296858000,0,205.50062627,24.4000
1623308296858000,0,212.62264490,24.4000
1623308296858000,0,40.75378942,24.4100
1623308296858000,0,63.06382563,24.4100
1623308432420000,1,1.96000000,24.4000
1623308436235000,1,214.30016677,24.3900
1623308455424000,1,206.43508770,24.3700
1623308658733000,0,178.00000000,24.4000
1623308658838000,0,63.18400000,24.4000
1623308658838000,0,118.79200000,24.4000
1623308660285000,0,20.10000000,24.4100
1623308687570000,0,216.75251943,24.4200
1623308861780000,0,135.15382000,24.5200
1623308862154000,0,94.42018000,24.5200
1623308961744000,0,1.83967827,24.5200
1623308961824000,0,20.56025976,24.5200
1623308961930000,0,108.64450608,24.5200
1623308961934000,0,15.73155589,24.5200
1623308975416000,0,50.17430945,24.5500
1623308975513000,0,20.72827213,24.5500
1623309062900000,0,12.81716933,24.5700
1623309062943000,0,61.67000000,24.5700
1623309157403000,0,145.38960000,24.5700
1623309261779000,0,129.68242000,24.5600
1623309266274000,0,2.59364840,24.5600
1623309276527000,0,0.05293160,24.5600
1623309276754000,0,202.88933297,24.5700
1623309277062000,0,4.08766703,24.5700
1623309470272000,0,105.32550000,24.6200
1623309470926000,0,2.10651000,24.6200
1623309470960000,0,0.04299000,24.6200
1623309545714000,0,218.20700000,24.6400
1623309923558000,1,13.91247239,24.5800
1623309923582000,1,61.75189564,24.5800
1623310098106000,0,528.50100000,24.5700
1623310098106000,0,127.10724000,24.5700
1623310098445000,0,13.37970000,24.5700
1623310100319000,0,0.00006000,24.5700
1623310358546000,1,10.57115213,24.4800
1623310358578000,1,20.94572625,24.4800
1623310358607000,1,8.21758777,24.4800
1623310486972000,1,115.39850000,24.4400
1623310632198000,1,88.99999999,24.4300
1623310632204000,1,0.00000001,24.4300
1623310731628000,0,496.37100000,24.4700
1623310731628000,0,131.94600000,24.4700
1623310732962000,1,59.39841782,24.4700
1623310733051000,1,88.99990000,24.4700
1623310733337000,1,270.00000000,24.4700
1623310739555000,1,200.00000000,24.4700
1623310739582000,1,753.28468218,24.4700
1623310740472000,0,584.76213000,24.4700
1623310740472000,0,153.45685640,24.4700
1623310740824000,0,15.06569359,24.4700
1623310740956000,0,0.00000001,24.4700
1623310908519000,1,41.00999953,24.4600
1623310922245000,1,19.63657933,24.4600
1623310925056000,1,23.13825157,24.4600
1623310925061000,1,201.47746000,24.4600
1623310925304000,1,4.92812092,24.4600
1623310925343000,1,15.48838005,24.4600
1623310925357000,1,12.83945664,24.4600
1623310927606000,1,360.00000000,24.4600
1623310927696000,1,321.48175000,24.4600
1623310935808000,1,0.00000196,24.4600
1623310997313000,1,54.38566659,24.4100
1623310997333000,1,4.50727309,24.4100
1623310997526000,1,7.44404978,24.4100
1623311186121000,0,13.85508492,24.5100
1623311195966000,0,24.06853582,24.5100
1623311198715000,0,61.80000000,24.5100
1623311210163000,1,41.33822000,24.5100
1623311211360000,0,44.77120717,24.5200
1623311223620000,0,44.22879283,24.5200
1623311223894000,1,5.65456769,24.5200
1623311239678000,1,11.20464737,24.5300
1623311239678000,1,16.32122263,24.5300
1623311239694000,1,0.00001666,24.5300
1623311292845000,0,3.83300000,24.5300
1623311292845000,0,2.45000000,24.5300
1623311380486000,1,500.00000000,24.6100
1623311398151000,0,87.22000000,24.6300
1623311414071000,1,203.05291119,24.6000
1623311414071000,1,176.85700000,24.6000
1623311414071000,1,80.00000000,24.6000
1623311414071000,1,40.09008881,24.6000
1623311419516000,1,500.00000000,24.6000
1623311435487000,1,203.05291119,24.6000
1623311435487000,1,40.69947132,24.5900
1623311435487000,1,256.24761749,24.5900
1623311440992000,1,202.95340130,24.5800
1623311440992000,1,297.04659870,24.5800
1623311445603000,1,200.00000000,24.5800
1623311641310000,0,225.42132918,24.5400
1623311641310000,0,20.39244626,24.5400
1623311642484000,0,20.39240000,24.5400
1623311644093000,0,0.00004626,24.5400
1623311644093000,0,15.39175374,24.5500
1623311808438000,0,2.63625254,24.5500
1623312016761000,1,61.52972423,24.5400
1623312021932000,1,20.00000000,24.5300
1623312165471000,0,89.00000000,24.4200
1623312182861000,0,45.04213725,24.4400
1623312182865000,0,43.95786275,24.4400
1623312191724000,1,19.90000000,24.4400
1623312193932000,1,20.40000000,24.4300
1623312198614000,1,20.10000000,24.4300
1623312253099000,1,204.76473211,24.4000
1623312266455000,0,87.22000000,24.4100
1623312268548000,0,1.74440000,24.4100
1623312286106000,0,89.00000000,24.4100
1623312303807000,0,89.00000000,24.4400
1623312351346000,0,87.22000000,24.3900
1623312351357000,0,1.78000000,24.3900
1623312427028000,0,87.22000000,24.3500
1623312427029000,0,1.78000000,24.3500
1623312445778000,0,41.05447031,24.3800
1623312588056000,0,41.05400000,24.3800
1623312609653000,0,0.00003323,24.3800
1623312876990000,0,89.00000000,24.4600
1623312885575000,0,38.02400000,24.4600
1623312888123000,0,49.95648000,24.4600
1623312888218000,0,1.01952000,24.4600
1623312897846000,0,87.22000000,24.4600
1623312898132000,0,1.78000000,24.4600
1623312981611000,0,41.03163242,24.3900
1623312981611000,0,41.01999661,24.4000
1623312981611000,0,225.69226744,24.4000
1623312981876000,0,41.04479367,24.3900
1623312982377000,0,151.70440000,24.4000
1623312982454000,0,0.00004716,24.4000
1623312983280000,0,41.01220000,24.4000
1623312983519000,0,0.00005568,24.4000
1623312983519000,0,40.71282260,24.4100
1623312983519000,0,61.55476977,24.4100
1623312983519000,0,51.65501720,24.4100
1623312983519000,0,80.00000000,24.4100
1623312983519000,0,32.42823475,24.4100
1623312992794000,0,89.00000000,24.4000
1623313001863000,1,221.29735524,24.3900
1623313001863000,1,88.99999476,24.3900
1623313001894000,1,0.00000524,24.3900
1623313002078000,1,62.19999999,24.3800
1623313002108000,1,26.80000001,24.3800
1623313002773000,1,17.55329971,24.3700
1623313013889000,1,47.03795292,24.3900
1623313014080000,1,35.80000000,24.3900
1623313014107000,1,6.16204708,24.3900
1623313056350000,0,20.49893139,24.4100
1623313225008000,1,215.00000000,24.4300
1623313235065000,0,221.55249803,24.4500
1623313274824000,1,158.55270000,24.4300
1623313381009000,0,14.69106048,24.4200
1623313381725000,0,110.08409083,24.4200
1623313382064000,0,2.24661409,24.4200
1623313382082000,0,0.00000001,24.4200
1623313488465000,0,10.17300000,24.4400
1623313519184000,0,87.22000000,24.4800
1623313519426000,0,1.78000000,24.4800
1623313869820000,1,3.00000000,24.3700
1623314035117000,0,20.58221304,24.3100
1623314035117000,0,65.41778696,24.3100
1623314121700000,1,42.08553900,24.2900
1623314121757000,1,40.39393654,24.2900
1623314121801000,1,54.09054309,24.2900
1623314121858000,1,10.96807934,24.2900
1623314121859000,1,20.83758922,24.2900
1623314121862000,1,36.69133004,24.2900
1623314121865000,1,9.92475221,24.2900
1623314121865000,1,150.42027174,24.2900
1623314121879000,1,57.90889969,24.2900
1623314122360000,1,20.10000000,24.2800
1623314123361000,1,10.07888741,24.2700
1623314123366000,1,0.02111259,24.2700
1623314158646000,1,310.00000000,24.2200
1623314167608000,1,89.00000000,24.2300
1623314167608000,1,15.87043080,24.2200
1623314167609000,1,5.42956920,24.2200
1623314167609000,1,80.00000000,24.2200
1623314168174000,1,20.00000000,24.2100
1623314168177000,1,20.00000000,24.2100
1623314175821000,1,2.06322272,24.2000
1623314175821000,1,89.00000000,24.2000
1623314175821000,1,20.40000000,24.1900
1623314175821000,1,53.76460478,24.1900
1623314216558000,1,197.99990000,24.1600
1623314218493000,1,20.20000000,24.1600
1623314241179000,0,89.00000000,24.1600
1623314285511000,0,89.00000000,24.1800
1623314317733000,1,71.31123371,24.1000
1623314317737000,1,40.59038845,24.1000
1623314317801000,1,44.55622501,24.1000
1623314317826000,1,55.72037739,24.1000
1623314317857000,1,27.22618723,24.1000
1623314317883000,1,21.42276923,24.1000
1623314318246000,1,37.28263503,24.1000
1623314318249000,1,39.89018395,24.1000
1623314319776000,1,9.90000000,24.0700
1623314320899000,1,32.61806947,24.0700
1623314320917000,1,12.01365719,24.0700
1623314321199000,1,44.36827333,24.0700
1623314321235000,1,0.00000001,24.0700
1623314334814000,1,88.99980000,24.0400
1623314370794000,1,9.26879426,24.0400
1623314371092000,1,78.13658163,24.0400
1623314371116000,1,1.59462411,24.0400
1623314374530000,1,89.00000000,24.0400
1623314386226000,1,39.20000000,24.0500
1623314417225000,1,10.00000000,24.0600
1623314417536000,1,205.68270000,24.0500
1623314417797000,1,0.00003037,24.0500
1623314417797000,1,1.51706963,24.0500
1623314422116000,1,50.00000000,24.0300
1623314425648000,1,3.60000000,24.0000
1623314425720000,1,10.00000000,23.9700
1623314430659000,1,20.20000000,23.9600
1623314437360000,0,89.00000000,23.9700
1623314507993000,0,89.00000000,24.0400
1623314534652000,0,89.00000000,24.0100
1623314539855000,0,78.40000000,24.0400
1623314542418000,0,10.60000000,24.0400
1623314663205000,0,87.22000000,24.0300
1623314676666000,0,3.92000000,24.0000
1623314740279000,0,87.22000000,23.9700
1623314759132000,0,80.00000000,23.9200
1623314759193000,0,10.30000000,23.9300
1623314759193000,0,223.17305696,23.9300
1623314759193000,0,208.40916538,23.9300
1623314759193000,0,32.67767766,23.9300
1623314804499000,0,10.34000000,23.9100
1623314808355000,1,20.50000000,23.8800
1623314813440000,1,8.88570000,23.8400
1623314814876000,0,89.00000000,23.8500
1623314816285000,0,81.78542300,23.8700
1623314816553000,0,7.21457699,23.8700
1623314816553000,0,0.00000001,23.8700
1623314822955000,0,68.00000000,23.8800
1623314839600000,0,5.18000000,23.9300
1623314873759000,0,89.00000000,23.8700
1623314874949000,0,5.17000000,23.8800
1623314878259000,0,214.52010000,23.8700
1623314921072000,0,5.18000000,23.9500
1623314946116000,1,20.40000000,23.9600
1623314977147000,0,87.22000000,23.9300
1623314977625000,0,1.74440000,23.9300
1623315048992000,1,20.60000000,23.9300
1623315078828000,0,68.06560000,23.9700
1623315078873000,0,356.00000000,23.9700
1623315078915000,0,20.89880000,23.9700
1623315093126000,0,89.00000000,23.9900
1623315094086000,0,4.36974520,24.0000
1623315097554000,1,20.50000000,23.9800
1623315131626000,1,20.70000000,23.9800
1623315217335000,0,1.85479831,23.9900
1623315217560000,0,18.34520000,23.9900
1623315217644000,0,0.00000169,23.9900
1623315265534000,0,63.52555819,23.9900
1623315266645000,0,25.47444181,23.9900
1623315266645000,0,20.59999819,23.9900
1623315291026000,0,6.94465719,24.0100
1623315302346000,0,87.22000000,23.9900
1623315310954000,0,87.22000000,23.9700
1623315311053000,0,1.78000000,23.9700
1623315325520000,0,20.41876997,24.0100
1623315330840000,0,87.22000000,24.0100
1623315330916000,0,1.78000000,24.0100
1623315331839000,0,89.00000000,24.0200
1623315333956000,0,87.22000000,24.0400
1623315348459000,0,68.40400000,24.0700
1623315348719000,0,20.59600000,24.0700
1623315349687000,0,87.22000000,24.0700
1623315350212000,0,1.78000000,24.0700
1623315350513000,0,46.25600000,24.0700
1623315367113000,1,207.38010000,24.0100
1623315394411000,0,89.00000000,23.9700
1623315424955000,0,20.40000000,23.9400
1623315460487000,1,20.60000000,24.0000
1623315484942000,1,20.60000000,23.9800
1623315494544000,0,20.30000000,23.9500
1623315499613000,0,20.50000000,23.9600
1623315499613000,0,903.22890000,23.9600
1623315550995000,1,1.96000000,23.9600
1623315583517000,1,217.41537943,23.9400
1623315605786000,1,262.00000000,23.9200
1623315606821000,1,37.76920000,23.9200
1623315609056000,1,20.70000000,23.9100
1623315614249000,1,17.06920000,23.9000
1623315624445000,1,10.10000000,23.9000
1623315737616000,1,35.24443669,23.9700
1623315737931000,1,0.71927422,23.9700
1623315767549000,1,23.28480000,23.9600
1623315768436000,1,39.20000000,23.9600
1623315824867000,1,40.97809363,23.9200
1623315828604000,1,89.00000000,23.9200
1623315830956000,1,20.60000000,23.8900
1623315833768000,1,68.40000000,23.9000
1623315841706000,1,42.48533109,23.8600
1623315841706000,1,185.63319872,23.8600
1623315841706000,1,23.70089676,23.8600
1623315841984000,1,80.00000000,23.8500
1623315843696000,0,26.09167147,23.8400
1623315843791000,1,35.02600000,23.8400
1623315843831000,1,20.30000000,23.8400
1623315843983000,1,7.58232853,23.8400
1623315865484000,1,87.22000000,23.8900
1623315868384000,1,20.20000000,23.8900
1623315874888000,1,20.60000000,23.8900
1623315876558000,1,55.41990000,23.8900
1623315876560000,1,24.58010000,23.8900
1623315877187000,1,20.80000000,23.8800
1623315878206000,1,20.80000000,23.8800
1623315878476000,1,13.81990000,23.8700
1623315887122000,0,89.00000000,23.9000
1623315949807000,0,89.00000000,23.9100
1623315974013000,1,8.54904677,23.9300
1623315988803000,1,9.99600000,23.9300
1623315989409000,1,203.26976091,23.9300
1623315997875000,0,23.50000000,23.9300
1623316005823000,0,20.40000000,23.9400
1623316021579000,0,89.00000000,23.9100
1623316049215000,0,20.70000000,23.9100
1623316162367000,0,20.91556453,23.9200
1623316162367000,0,206.23426805,23.9200
1623316162367000,0,39.85016742,23.9200
1623316234890000,0,3.95150501,23.9200
1623316308125000,0,20.40000000,23.8700
1623316309073000,1,87.22000000,23.8600
1623316309194000,1,1.78000000,23.8600
1623316312353000,1,87.22000000,23.8400
1623316321786000,1,42.57346766,23.8200
1623316322585000,1,207.36584741,23.8100
1623316322585000,1,80.06815259,23.8100
1623316322881000,1,86.18700000,23.8100
1623316324654000,1,42.42959226,23.7900
1623316335766000,1,9.80000000,23.7300
1623316336261000,1,0.20000000,23.7300
1623316336539000,1,9.60000000,23.7200
1623316336539000,1,0.01000000,23.7200
1623316337018000,0,20.79999999,23.7500
1623316337022000,0,0.00000001,23.7500
1623316342347000,0,20.70000000,23.7800
1623316350977000,0,35.96371000,23.8100
1623316370421000,0,9.88520285,23.7700
1623316370421000,0,20.60000000,23.7700
1623316370421000,0,89.00000000,23.7800
1623316370421000,0,11.89683466,23.7800
1623316370573000,1,42.05560235,23.7400
1623316378086000,0,20.80000000,23.7500
1623316381203000,0,20.80000000,23.7600
1623316383290000,0,19.23870000,23.7700
1623316383329000,0,1.46130000,23.7700
1623316386891000,0,20.40000000,23.7700
1623316396295000,0,20.40000000,23.7800
1623316404835000,0,20.40000000,23.7900
1623316506973000,0,20.50000000,23.8400
1623316508659000,0,63.70139365,23.8500
1623316508765000,0,25.29860000,23.8500
1623316508843000,0,0.00000635,23.8500
1623316514225000,0,87.22000000,23.8500
1623316514238000,0,1.78000000,23.8500
1623316514481000,0,66.83600000,23.8500
1623316516524000,0,124.15027538,23.8700
1623316516573000,0,22.16400000,23.8700
1623316516588000,0,21.72664783,23.8700
1623316516632000,0,56.47192875,23.8700
1623316526466000,1,41.65060000,23.8700
1623316533277000,1,41.42438000,23.8700
1623316553814000,0,87.22000000,23.8500
1623316557635000,0,1.96000000,23.8500
1623316558989000,0,67.22800000,23.8600
1623316566430000,0,35.10605650,23.8800
1623316566958000,0,8.96000000,23.8800
1623316606706000,0,8.05501000,23.9500
1623316652857000,0,89.00000000,23.9000
1623316652857000,0,20.80000000,23.9000
1623316732883000,0,8.05501000,23.9400
1623316767327000,0,7.10065337,23.8900
1623316772808000,0,20.30000000,23.8900
1623316795613000,0,225.89123755,23.9000
1623316795613000,0,206.11926245,23.9000
1623316806169000,0,20.50000000,23.9300
1623316878264000,0,20.30000000,23.9400
1623316931835000,1,20.50000000,23.9600
1623316973006000,0,20.88101770,23.9500
1623316973006000,0,86.80237965,23.9500
1623316975141000,0,20.46339735,23.9500
1623316975216000,0,0.41762035,23.9500
1623316975533000,0,20.88100000,23.9500
1623317032892000,0,7.10065337,23.9100
1623317043575000,0,20.95471441,23.8800
1623317043588000,0,20.94552502,23.8900
1623317043588000,0,62.00000000,23.8900
1623317043962000,0,4.11880000,23.8900
1623317044050000,0,0.00003452,23.8900
1623317044050000,0,20.93121921,23.9000
1623317044050000,0,20.70000000,23.9000
1623317044050000,0,12.27174627,23.9000
1623317071646000,1,56.59371269,23.8600
1623317071664000,1,31.02231091,23.8600
1623317071683000,1,1.38397640,23.8600
1623317072671000,1,29.15259341,23.8400
1623317072692000,1,7.54995781,23.8400
1623317072717000,1,59.09670064,23.8400
1623317072741000,1,146.34874859,23.8400
1623317072867000,1,31.94020718,23.8400
1623317073625000,1,9.91179237,23.8400
1623317073625000,1,7.89760886,23.8400
1623317073788000,1,7.59325221,23.8400
1623317081705000,0,20.97701000,23.8500
1623317121924000,1,89.00000000,23.9300
1623317197532000,1,177.99980000,23.9100
1623317199399000,1,206.05282000,23.9100
1623317230039000,0,20.93033017,23.9100
1623317329909000,1,89.00000000,23.9200
1623317349297000,1,11.66800000,23.9000
1623317349390000,1,49.86162604,23.9000
1623317349397000,1,26.40000000,23.9000
1623317349419000,1,1.07037396,23.9000
1623317349419000,1,69.87873670,23.8900
1623317349459000,1,83.70722592,23.8900
1623317349660000,1,71.30490613,23.8900
1623317434186000,0,0.00001770,23.9500
1623317434186000,0,10.00000000,23.9500
1623317448063000,0,10.10000000,23.9900
1623317449289000,0,9.50600000,24.0000
1623317454016000,0,43.88980000,24.0700
1623317458310000,1,20.70000000,24.0400
1623317459720000,1,20.30000000,24.0200
1623317460551000,1,80.00000000,24.0200
1623317460578000,1,56.99990000,24.0100
1623317464548000,0,74.94482425,24.0200
1623317469782000,0,89.00000000,24.0700
1623317478232000,0,20.70000000,24.1400
1623317485564000,1,20.10000000,24.1700
1623317489477000,0,10.30000000,24.2000
1623317489477000,0,10.20000000,24.2100
1623317489523000,0,10.20000000,24.2100
1623317489743000,0,10.00000000,24.2000
1623317489743000,0,70.00000000,24.2000
1623317497096000,0,5.05520000,24.1500
1623317497962000,0,89.00000000,24.1600
1623317510927000,0,89.00000000,24.2000
1623317521868000,0,89.00000000,24.2100
1623317530865000,1,80.00000000,24.2000
1623317532957000,1,89.00000000,24.1900
1623317533031000,0,20.20000000,24.2200
1623317540312000,0,160.00000000,24.1900
1623317566613000,1,20.50000000,24.1500
1623317568180000,0,78.00000000,24.1700
1623317571522000,0,8.80000000,24.1800
1623317593908000,1,89.00000000,24.1600
1623317647286000,0,89.00000000,24.1900
1623317649060000,1,89.00000000,24.2000
1623317685889000,0,20.20000000,24.1900
1623317698305000,0,209.68569862,24.2100
1623317698305000,0,146.31430138,24.2100
1623317712716000,1,9.80000000,24.2500
1623317712716000,1,79.20000000,24.2500
1623317714568000,1,10.00000000,24.2500
1623317718373000,1,80.00000000,24.2400
1623317731234000,0,89.00000000,24.3100
1623317734483000,0,10.50000000,24.3600
1623317736572000,0,10.80000000,24.3500
1623317737795000,1,10.10000000,24.3100
1623317737795000,1,26.30891126,24.3100
1623317737819000,1,42.90676832,24.3100
1623317746375000,1,20.00000000,24.3200
1623317756670000,1,89.00000000,24.3000
1623317773561000,0,10.10000000,24.3600
1623317774649000,1,89.00000000,24.3400
1623317775483000,1,10.00000000,24.3300
1623317776583000,1,9.90000000,24.3200
1623317810554000,1,89.00000000,24.3000
1623317840537000,1,89.00000000,24.3100
1623317840537000,1,20.00000000,24.3100
1623317842703000,1,20.30000000,24.3000
1623317893666000,1,0.86009933,24.2500
1623317921628000,1,89.00000000,24.2500
1623317948162000,0,20.60000000,24.2500
1623318003548000,0,20.40000000,24.2400
1623318029545000,0,20.20000000,24.2000
1623318055511000,0,20.68838000,24.1900
1623318062681000,0,0.00000976,24.1900
1623318075364000,0,20.50000000,24.2300
1623318109541000,1,20.00000000,24.2000
1623318109541000,1,34.71074000,24.2000
1623318168151000,1,104.53530000,24.2000
1623318179979000,0,20.50000000,24.2000
1623318179979000,0,31.74597274,24.2000
1623318242122000,1,87.22000000,24.2100
1623318242202000,1,1.78000000,24.2100
1623318256423000,1,27.44000000,24.2200
1623318271112000,0,20.10000000,24.2600
1623318273474000,0,20.00000000,24.2700
1623318338901000,1,156.78127274,24.2000
1623318350260000,0,20.10000000,24.2500
1623318372681000,1,87.22000000,24.3600
1623318372711000,1,1.78000000,24.3600
1623318374538000,1,9.60000000,24.3200
1623318374538000,1,9.80000000,24.3100
1623318374538000,1,175.86960000,24.3100
1623318375124000,0,88.99999999,24.3300
1623318375200000,0,0.00000001,24.3300
1623318376075000,1,80.00000000,24.3300
1623318376394000,1,28.00000000,24.3300
1623318377115000,1,20.30000000,24.3200
1623318391104000,1,148.70010000,24.3100
1623318391195000,1,159.29990000,24.3100
1623318409187000,0,49.93256350,24.3600
1623318409187000,0,124.82744017,24.3600
1623318409187000,0,324.52209633,24.3600
1623318409446000,0,0.00000570,24.3600
1623318409446000,0,89.00000000,24.3600
1623318415659000,0,89.00000000,24.3700
1623318415659000,0,541.71852473,24.3700
1623318417038000,1,20.30000000,24.3500
1623318417038000,1,205.11764389,24.3500
1623318417038000,1,16.60005611,24.3500
1623318422518000,0,89.00000000,24.3700
1623318425951000,1,19.90000000,24.3500
1623318427001000,1,36.91601411,24.3400
1623318427004000,1,77.09712816,24.3400
1623318427140000,1,16.52482259,24.3400
1623318427140000,1,23.87978427,24.3400
1623318427197000,1,17.42300809,24.3400
1623318442089000,0,267.00000000,24.3500
1623318474902000,1,16.14241028,24.3700
1623318474902000,1,40.35682972,24.3700
1623318533511000,0,2.06322272,24.3900
1623318542784000,0,49.81134653,24.4200
1623318543189000,0,23.95010639,24.4300
1623318543190000,0,82.34216118,24.4300
1623318546605000,1,75.11762277,24.4100
1623318546607000,1,108.68007818,24.4100
1623318546877000,1,12.36847130,24.4100
1623318546934000,1,17.17949609,24.4100
1623318546935000,1,24.18412919,24.4100
1623318546967000,1,42.70680032,24.4100
1623318546986000,1,54.79301093,24.4100
1623318546988000,1,29.89310358,24.4100
1623318547050000,1,11.07728764,24.4100
1623318601071000,1,89.00000000,24.3900
1623318602262000,1,89.00000000,24.3900
1623318602878000,1,89.00000000,24.3900
1623318604912000,1,89.00000000,24.3700
1623318605945000,1,89.00000000,24.3700
1623318622863000,1,89.00000000,24.4100
1623318682314000,1,63.58651772,24.4100
1623318695749000,1,16.97837816,24.4000
1623318695768000,1,8.38023782,24.4000
1623318716880000,1,61.13572952,24.3800
1623318716990000,1,64.20910694,24.3800
1623318717162000,1,36.69228785,24.3800
1623318728829000,1,206.65327000,24.4000
1623318728831000,1,0.00000868,24.4000
1623318826121000,1,65.64930000,24.4700
1623318826132000,1,0.00006657,24.4700
1623318846301000,1,20.00000000,24.4600
1623318912302000,1,539.35850000,24.4600
1623318930337000,1,20.30000000,24.4400
1623319013303000,0,10.20000000,24.5400
1623319015151000,1,20.20000000,24.5200
1623319016409000,1,17.16138087,24.4900
1623319016409000,1,42.93815999,24.4900
1623319016409000,1,111.64185955,24.4900
1623319026592000,0,49.71244193,24.4700
1623319026592000,0,124.27715468,24.4700
1623319026592000,0,3.83350267,24.4800
1623319026592000,0,80.00000000,24.4800
1623319026592000,0,322.94396738,24.4900
1623319026592000,0,9.60000000,24.4900
1623319026592000,0,20.30000000,24.4900
1623319026592000,0,56.65456599,24.5000
1623319031100000,0,49.74864000,24.4600
1623319032011000,0,124.30561000,24.4700
1623319038633000,1,89.00000000,24.4500
1623319055628000,1,89.00000000,24.4700
1623319127844000,1,17.74571057,24.4500
1623319127906000,1,26.04908376,24.4500
1623319127942000,1,10.80000000,24.4500
1623319149661000,1,11.75000001,24.4700
1623319202815000,1,73.53785208,24.4700
1623319203007000,1,15.46214792,24.4700
1623319211048000,0,88.99999999,24.4400
1623319211082000,0,0.00000001,24.4400
1623319241761000,1,19.71999926,24.4100
1623319241761000,1,170.03000074,24.4100
1623319281429000,0,89.00000000,24.3900
1623319281429000,0,123.06042183,24.4000
1623319281429000,0,41.51986889,24.4100
1623319281429000,0,225.02094763,24.4100
1623319281429000,0,228.47747289,24.4100
1623319281798000,0,608.50920000,24.4100
1623319282342000,0,7.43957573,24.4100
1623319282348000,0,4.92993551,24.4100
1623319282897000,0,9.99999999,24.4200
1623319282965000,0,0.00000001,24.4200
1623319282965000,0,9.80000000,24.4300
1623319283720000,0,40.76954563,24.4300
1623319288829000,0,40.00000000,24.4700
1623319289013000,0,14.94697490,24.4700
1623319292607000,0,89.00000000,24.4900
1623319292607000,0,49.65917799,24.4900
1623319292607000,0,118.88890179,24.4900
1623319292738000,0,5.25608326,24.4900
1623319293359000,0,49.03872045,24.5100
1623319293487000,0,0.58400741,24.5100
1623319296466000,0,88.99999999,24.5300
1623319296480000,0,0.00000001,24.5300
1623319299770000,1,16.70551301,24.5400
1623319299770000,1,41.76368699,24.5400
1623319307973000,1,89.00000000,24.5100
1623319311087000,0,89.00000000,24.5100
1623319314920000,0,80.00000000,24.5500
1623319315425000,0,9.00000000,24.5500
1623319335240000,1,19.90000000,24.5600
1623319337681000,1,89.00000000,24.5600
1623319339182000,1,19.80000000,24.5400
1623319346587000,1,19.80000000,24.5600
1623319348402000,1,16.33820000,24.5500
1623319358843000,0,9.67656313,24.5600
1623319358948000,0,79.32343687,24.5600
1623319376531000,0,207.86452895,24.6400
1623319377238000,0,89.00000000,24.6300
1623319378160000,0,10.70000000,24.6500
1623319396907000,0,45.30730000,24.7000
1623319397149000,0,49.25055994,24.6900
1623319397149000,0,39.74944006,24.6900
1623319397873000,0,35.84130000,24.7200
1623319397980000,0,13.37420191,24.7200
1623319397980000,0,35.84129809,24.7200
1623319418313000,0,2.00766747,24.7800
1623319432641000,0,43.21103314,24.7600
1623319439157000,0,89.00000000,24.7700
1623319447630000,1,19.50000000,24.7700
1623319449227000,1,422.00000000,24.7500
1623319449227000,1,19.90000000,24.7500
1623319454871000,0,89.00000000,24.8200
1623319455194000,0,224.02191398,24.8500
1623319455194000,0,19.90000000,24.8500
1623319455194000,0,80.00000000,24.8500
1623319455194000,0,26.11103932,24.8600
1623319455285000,0,197.01874788,24.8600
1623319455285000,0,142.80385871,24.8600
1623319457730000,1,19.60000000,24.8300
1623319457917000,1,176.85700000,24.8400
1623319458077000,1,18.14300000,24.8400
1623319459018000,1,80.00000000,24.8100
1623319460023000,0,80.00000000,24.8100
1623319460854000,1,20.10000000,24.7900
1623319461534000,0,89.00000000,24.8000
1623319463307000,0,68.60070000,24.8300
1623319465469000,1,89.00000000,24.8000
1623319465469000,1,19.80000000,24.8000
1623319467322000,1,89.00000000,24.8000
1623319475560000,1,89.00000000,24.7400
1623319481485000,1,20.00000000,24.7600
1623319481564000,1,49.00000000,24.7600
1623319482897000,0,89.00000000,24.7700
1623319487077000,1,19.90000000,24.7600
1623319489165000,0,9.89999999,24.8200
1623319489212000,0,0.00000001,24.8200
1623319497831000,1,89.00000000,24.8300
1623319501176000,0,17.25293686,24.8500
1623319502277000,0,7.61985190,24.8500
1623319502474000,0,55.12721124,24.8500
1623319539429000,1,89.00000000,24.7800
1623319567942000,1,216.03010000,24.7700
1623319576643000,0,206.65327000,24.7800
1623319576695000,0,0.00000868,24.7800
1623319623192000,1,10.30000000,24.7800
1623319623192000,1,21.87054850,24.7800
1623319623192000,1,54.67705481,24.7800
1623319641249000,0,19.60000000,24.7600
1623319680220000,1,68.00000000,24.7800
1623319680220000,1,71.86990000,24.7800
1623319683483000,0,9.80000000,24.8200
1623319683607000,0,79.20000000,24.8200
1623319691694000,0,20.05358888,24.8500
1623319702627000,0,19.60000000,24.8800
1623319702627000,0,80.00000000,24.8800
1623319718236000,0,19.80000000,24.8400
1623319719202000,0,78.00000000,24.8400
1623319719202000,0,11.25350000,24.8500
1623319723590000,1,89.00000000,24.8200
1623319733957000,0,19.70000000,24.8300
1623319737296000,1,89.00000000,24.8200
1623319741582000,1,89.00000000,24.8200
1623319743488000,1,89.00000000,24.8000
1623319763556000,1,89.00000000,24.7700
1623319773605000,1,89.00000000,24.7800
1623319859906000,1,89.00000000,24.7700
1623319867458000,1,89.00000000,24.7800
1623319888059000,1,87.22000000,24.8400
1623319888089000,1,1.78000000,24.8400
1623319916201000,1,39.86284791,24.7900
1623320042562000,1,8.27013000,24.8200
1623320061643000,0,20.00000000,24.8200
1623320061643000,0,140.88638195,24.8200
1623320096695000,1,89.00000000,24.8400
1623320267172000,0,40.10048231,24.8800
1623320267172000,0,35.56430868,24.8800
1623320317582000,1,89.00000000,24.8100
1623320318838000,0,40.59653000,24.8100
1623320424798000,0,14.18378396,24.8800
1623320424888000,0,26.10560510,24.8800
1623320438172000,1,40.22058025,24.8800
1623320438172000,1,16.08231303,24.8800
1623320456577000,1,10.11036240,24.8500
1623320456579000,1,9.38963760,24.8500
1623320468827000,0,65.94895498,24.8700
1623320551645000,1,14.07005197,24.8800
1623320558661000,1,204.20954243,24.8800
1623320558661000,1,222.65487592,24.8800
1623320558661000,1,209.31008165,24.8800
1623320632869000,1,89.00000000,24.8800
1623320633154000,1,20.00000000,24.8700
1623320633154000,1,41.47485970,24.8700
1623320660467000,1,11.59653000,24.8900
1623320684200000,1,18.75383456,24.9100
1623320719464000,1,8.43736987,24.8900
1623320736072000,0,48.84685000,24.9100
1623320736406000,0,0.00000256,24.9100
1623320759283000,1,39.75100401,24.9000
1623320759283000,1,15.54887891,24.9000
1623320759283000,1,13.49711708,24.9000
1623320759511000,1,9.81542390,24.9000
1623320790389000,1,19.80000000,24.8900
1623320860654000,1,19.70000000,24.9000
1623320864607000,1,73.97060000,24.8800
1623320910418000,1,9.90000022,24.8700
1623320925103000,1,34.40000000,24.8600
1623320945990000,0,122.31605712,24.8700
1623320945990000,0,18.83709288,24.8700
1623320961696000,1,19.80000000,24.8800
1623321047357000,1,21.53895608,24.8700
1623321074096000,1,78.95312091,24.8600
1623321080170000,1,87.22000000,24.8500
1623321131635000,1,12.05400000,24.7900
1623321132542000,1,58.82352000,24.7900
1623321134386000,1,17.76003040,24.7900
1623321134571000,1,0.36244960,24.7900
1623321136386000,1,87.22000000,24.7900
1623321136582000,1,1.78000000,24.7900
1623321137638000,1,56.96192091,24.7900
1623321138291000,1,11.40000000,24.7900
1623321142465000,1,11.60640091,24.7700
1623321142730000,1,13.63989149,24.7700
1623321142973000,1,6.84340760,24.7700
1623321143586000,1,56.91030000,24.7700
1623321144426000,1,18.78112091,24.7700
1623321150327000,0,2056.28000000,24.8000
1623321228746000,1,19.70000000,24.8400
1623321228771000,1,216.79155364,24.8300
1623321228771000,1,201.20483752,24.8300
1623321228771000,1,454.95700884,24.8300
1623321250829000,0,48.98818291,24.8500
1623321250829000,0,122.45965709,24.8500
1623321251082000,0,0.00000959,24.8500
1623321483608000,1,13.00000000,24.8100
1623321738585000,1,4.25023037,24.8700
1623321738588000,1,121.09268311,24.8700
1623321738617000,1,79.80000000,24.8700
1623321738891000,1,356.00000000,24.8700
1623321739719000,1,50.04133871,24.8700
1623321739836000,1,94.26837793,24.8700
1623321739842000,1,356.00000000,24.8700
1623321740206000,1,19.14736987,24.8700
1623321740224000,1,0.00000001,24.8700
1623321740815000,0,48.96290151,24.8700
1623321740815000,0,40.03709849,24.8700
1623321747670000,0,48.92866000,24.8800
1623321797496000,0,122.31287396,24.8900
1623321797496000,0,45.50191165,24.8900
1623321797622000,0,3.42479154,24.8900
1623321803648000,1,19.80000000,24.8800
1623321847650000,1,89.00000000,24.8800
1623321850737000,1,79.99999999,24.8700
1623321850764000,1,0.00000001,24.8700
1623321861941000,1,89.00000000,24.8600
1623321861941000,1,215.37475543,24.8600
1623321912109000,0,40.18094088,24.8700
1623321920664000,1,15.47349716,24.8600
1623321920664000,1,38.68855150,24.8600
1623321920664000,1,34.83795134,24.8600
1623321920850000,0,19.15563294,24.8800
1623321920932000,0,181.96445804,24.8800
1623321921731000,1,20.00000000,24.8900
1623321921731000,1,176.85700000,24.8800
1623321921731000,1,10.10000000,24.8700
1623321921731000,1,15.46827206,24.8700
1623321921731000,1,24.77472794,24.8600
1623321921849000,1,19.90000000,24.8900
1623321924592000,0,10.00000000,24.9100
1623321925547000,0,48.88613281,24.9100
1623321928063000,0,30.11360000,24.9100
1623321935212000,1,89.00000000,24.8900
1623321941232000,1,14.90658914,24.8600
1623321941232000,1,37.26652291,24.8600
1623321951974000,1,36.82700000,24.8400
1623321952082000,1,68.55265184,24.8400
1623321952617000,1,16.13563378,24.8300
1623321952617000,1,6.89491396,24.8300
1623321954832000,1,3.40508000,24.8300
1623321954936000,1,0.00000604,24.8300
1623321976529000,1,9.97262446,24.8000
1623321976701000,1,9.62737554,24.8000
1623321978006000,1,34.60986282,24.7900
1623321978147000,1,0.00000001,24.7900
1623321978191000,1,3.81519653,24.7800
1623321978543000,1,26.97946977,24.7800
1623321978599000,1,25.00000000,24.7800
1623321978634000,1,60.30834109,24.7800
1623321978718000,1,11.00000000,24.7800
1623321993232000,1,20.10000000,24.7800
1623321993232000,1,13.84003797,24.7800
1623321993232000,1,7.47922904,24.7800
1623321993232000,1,35.51553646,24.7800
1623321994803000,1,54.46864692,24.7800
1623321994803000,1,19.90000000,24.7800
1623321994803000,1,89.00000000,24.7800
1623322001990000,1,13.09252601,24.7600
1623322002021000,1,21.51733682,24.7600
1623322002314000,1,7.19817778,24.7500
1623322002314000,1,7.99012027,24.7500
1623322002398000,1,13.34452279,24.7500
1623322002903000,1,2.83482084,24.7400
1623322002958000,1,31.70000000,24.7400
1623322003153000,1,12.25462605,24.7400
1623322003645000,1,76.74537000,24.7400
1623322007428000,1,20.10000000,24.7400
1623322008112000,1,7.18196500,24.7300
1623322008112000,1,17.95491250,24.7300
1623322008112000,1,19.80000000,24.7300
1623322008410000,1,160.88638195,24.7200
1623322008882000,1,22.63087624,24.7200
1623322008882000,1,7.18196500,24.7200
1623322008882000,1,3.35165876,24.7200
1623322009475000,1,14.60325374,24.7200
1623322009475000,1,19.59994626,24.7200
1623322010213000,1,0.00005374,24.7200
1623322015880000,0,49.21882573,24.7300
1623322015880000,0,49.21037427,24.7300
1623322018324000,1,10.73390000,24.7300
1623322018904000,1,38.48492000,24.7300
1623322018904000,1,8.65189753,24.7300
1623322028777000,0,87.22000000,24.6900
1623322028824000,0,1.78000000,24.6900
1623322049948000,0,49.35782643,24.6600
1623322049948000,0,89.00000000,24.6700
1623322049948000,0,311.60003511,24.6700
1623322051731000,0,39.64220000,24.6600
1623322052006000,0,9.18281350,24.6700
1623322058440000,1,43.46924788,24.6500
1623322061707000,1,123.39064707,24.6600
1623322082606000,0,49.34181649,24.6800
1623322090662000,0,89.00000000,24.7100
1623322142092000,1,19.69999999,24.6900
1623322142092000,1,0.00000001,24.6900
1623322151777000,0,123.26112121,24.6900
1623322151777000,0,49.30557879,24.6900
1623322153624000,0,123.18017149,24.7000
1623322153624000,0,49.27324247,24.7000
1623322156526000,0,82.06790000,24.7100
1623322384020000,0,89.00000000,24.7300
1623322472504000,1,43.33472530,24.6900
1623322472504000,1,17.33327470,24.6900
1623322517589000,0,89.00000000,24.7000
1623322542842000,1,16.93848162,24.7000
1623322542842000,1,42.34727009,24.7000
1623322552854000,1,16.65950000,24.6700
1623322553067000,1,0.00007533,24.6700
1623322553067000,1,49.62761131,24.6600
1623322553067000,1,108.30479452,24.6600
1623322553067000,1,41.65132857,24.6600
1623322555309000,1,32.42335357,24.6600
1623322555311000,1,56.57664643,24.6600
1623322642885000,1,88.99990000,24.6600
1623322759375000,1,16.05182295,24.5900
1623322759375000,1,40.13037705,24.5900
1623323088168000,1,5.04921490,24.6000
1623323088170000,1,10.53956261,24.6000
1623323088170000,1,38.97255315,24.6000
1623323117602000,0,49.51379191,24.5900
1623323117602000,0,123.78153208,24.5900
1623323456434000,1,15.60736000,24.7200
1623323504065000,1,15.80879717,24.6800
1623323520180000,1,55.63801000,24.6700
1623323521419000,1,0.00000134,24.6700
1623323521987000,0,4.04377786,24.6700
1623323524619000,0,4.04370000,24.6600
1623323526036000,0,45.32957452,24.6600
1623323526036000,0,123.43826548,24.6600
1623323544096000,0,49.36650510,24.6600
1623323544096000,0,123.41331490,24.6600
1623323596327000,1,20.17050108,24.7000
1623323596348000,1,57.48239828,24.7000
1623323597064000,1,20.10000000,24.6900
1623323614725000,0,4.04050222,24.6900
1623323635001000,1,39.45084349,24.6600
1623323635001000,1,14.06145651,24.6600
1623323760022000,0,49.32784339,24.6800
1623323760022000,0,123.31555661,24.6800
1623323816911000,1,19.14745594,24.6600
1623323817141000,1,0.95254406,24.6600
1623323818509000,1,34.04339619,24.6500
1623324049728000,1,16.49183208,24.6100
1623324049728000,1,41.23056792,24.6100
1623324402365000,1,89.00000000,24.6400
1623324402365000,1,16.02030876,24.6400
1623324402365000,1,40.05158124,24.6400
1623324402373000,1,0.00000918,24.6400
1623324402661000,1,104.15482659,24.6300
1623324402661000,1,89.00000000,24.6300
1623324413596000,1,16.03774746,24.6100
1623324413596000,1,38.09205254,24.6100
1623324435356000,1,37.42400722,24.6100
1623324435356000,1,14.96939278,24.6100
1623324458898000,1,36.78690221,24.5900
1623324458898000,1,14.71459779,24.5900
1623324521410000,1,14.46131265,24.5900
1623324521410000,1,5.51438735,24.5900
1623324790590000,0,203.65530000,24.5800
1623324903686000,0,0.00001883,24.5800
1623324903686000,0,89.00000000,24.5800
1623324903686000,0,203.56336779,24.5800
1623324903686000,0,212.88090029,24.5800
1623324903686000,0,34.61714736,24.5800
1623324903686000,0,2.12001406,24.5800
1623325025269000,0,71.68470000,24.5600
1623325025719000,0,0.00003729,24.5600
1623325025719000,0,17.31516271,24.5700
1623325127630000,1,11.37901300,24.5000
1623325128595000,1,89.00000000,24.5000
1623325249025000,1,100.37890000,24.5300
1623325412993000,0,65.19525530,24.5500
1623325435297000,1,16.08538924,24.5600
1623325435297000,1,40.21424076,24.5600
1623325499714000,1,20.10000000,24.5700
1623325510697000,1,20.00000000,24.5500
1623325510697000,1,17.43075568,24.5500
1623325896432000,0,65.19520000,24.5400
1623325926043000,1,13.62000000,24.4900
1623325926077000,1,10.61210495,24.4900
1623325934777000,1,27.08243700,24.4700
1623326120508000,1,15.72840311,24.5400
1623326120508000,1,35.58609689,24.5400
1623326126249000,0,89.00000000,24.5500
1623326139640000,0,89.00000000,24.5700
1623326146766000,0,87.22000000,24.5900
1623326155231000,0,1.74440000,24.5900
1623326192267000,1,15.88178066,24.5600
1623326192267000,1,39.70515934,24.5600
1623326211177000,0,89.00000000,24.5500
1623326212729000,1,15.75050000,24.5500
1623326407434000,1,19.70000000,24.5300
1623326407986000,1,19.70000000,24.5200
1623326483176000,1,15.40557212,24.5400
1623326483176000,1,38.51432788,24.5400
1623326483464000,1,0.00015076,24.5400
1623326485555000,0,53.92004000,24.5400
1623326574247000,1,15.17276948,24.5700
1623326574247000,1,37.96103052,24.5700
1623326591911000,1,23.80000000,24.5300
1623326655851000,1,20.10000000,24.5000
1623326691868000,0,89.00000000,24.4700
1623326702325000,0,1.56000000,24.4800
1623326706949000,1,13.47036875,24.4500
1623326706949000,1,33.67592187,24.4500
1623326837874000,0,9.40800000,24.4000
1623326838081000,0,40.46866650,24.4000
1623326838081000,0,124.68868350,24.4000
1623326867093000,1,19.90000000,24.3900
1623326910068000,1,20.20000000,24.4000
1623326949606000,0,0.81728799,24.4100
1623326987245000,0,49.81166037,24.4400
1623326987245000,0,124.52603963,24.4400
1623327058273000,0,49.90706112,24.3800
1623327058273000,0,124.76753888,24.3800
1623327058323000,0,0.00011392,24.3800
1623327058323000,0,43.59198608,24.3900
1623327061900000,1,16.10000000,24.3800
1623327061920000,1,4.00000000,24.3800
1623327063137000,1,89.00000000,24.3800
1623327089423000,0,49.91026478,24.3800
1623327089423000,0,124.77253522,24.3800
1623327205193000,1,20.97902870,24.4300
1623327218996000,1,27.39999999,24.4100
1623327219636000,1,15.75390321,24.4000
1623327219636000,1,16.77609679,24.4000
1623327278384000,1,20.10000000,24.4100
1623327327445000,1,38.98212401,24.4000
1623327327445000,1,15.59260336,24.4000
1623327350875000,1,38.33558750,24.3700
1623327350875000,1,15.33891250,24.3700
1623327388187000,1,9.02960000,24.3500
1623327388338000,1,15.08438418,24.3500
1623327388338000,1,37.71140213,24.3500
1623327514042000,1,20.10000000,24.3400
1623327532972000,1,20.40000000,24.3100
1623327532972000,1,37.09905270,24.3100
1623327532972000,1,14.83228438,24.3100
1623327619467000,1,20.00000000,24.2700
1623327619827000,1,185.85354176,24.2700
1623327619827000,1,20.20000000,24.2700
1623327619827000,1,13.91639622,24.2700
1623327619827000,1,34.79102957,24.2700
1623327619827000,1,205.93414466,24.2600
1623327619827000,1,206.62652044,24.2600
1623327642683000,0,13.32800000,24.2900
1623327648902000,1,20.30000000,24.2800
1623327670845000,1,7.76164131,24.2700
1623327683859000,1,9.95930910,24.2600
1623327683907000,1,9.94069090,24.2600
1623327685643000,1,20.40000000,24.2400
1623327685643000,1,12.01981784,24.2400
1623327685643000,1,5.58018216,24.2400
1623327685940000,1,24.47630235,24.2400
1623327685940000,1,20.20000000,24.2400
1623327685940000,1,87.79000000,24.2300
1623327685940000,1,236.64991057,24.2300
1623327705160000,1,89.00000000,24.2300
1623327706569000,0,48.52960000,24.2400
1623327715366000,0,225.13559214,24.2500
1623327715494000,0,4.59460392,24.2500
1623327721188000,1,10.99327717,24.2500
1623327721188000,1,27.49044494,24.2500
1623327721188000,1,0.00000001,24.2500
1623327721865000,1,71.47477000,24.2400
1623327772264000,0,50.10595403,24.2900
1623327772264000,0,82.82904597,24.2900
1623327772317000,0,42.43285509,24.2900
1623327966038000,1,20.20000000,24.2000
1623327968305000,1,20.40000000,24.1800
1623327968305000,1,5.49940342,24.1800
1623327968320000,1,15.09726058,24.1800
1623327987000000,0,326.78329500,24.2100
1623327987000000,0,50.29637987,24.2100
1623327987000000,0,125.73695650,24.2100
1623327993428000,1,10.95863174,24.1800
1623327993428000,1,9.63786826,24.1800
1623328037696000,0,50.20830035,24.2400
1623328037696000,0,125.51675965,24.2400
1623328197858000,1,89.00000000,24.1900
1623328202848000,1,89.00000000,24.1700
1623328207821000,1,60.36682669,24.1500
1623328237306000,1,89.00000000,24.2300
1623328272729000,0,50.00543142,24.3200
1623328272729000,0,125.01046858,24.3200
1623328275267000,1,13.23012179,24.3100
1623328275267000,1,33.06578742,24.3100
1623328275951000,1,13.23828665,24.3000
1623328275951000,1,13.23012179,24.3000
1623328275951000,1,33.06578742,24.3000
1623328277298000,1,13.23012179,24.2900
1623328277298000,1,33.06567821,24.2900
1623328277434000,1,0.00010921,24.2900
1623328277434000,1,13.23828665,24.2800
1623328277434000,1,78.00000000,24.2800
1623328278327000,1,63.90320000,24.2900
1623328278399000,1,20.09990000,24.2900
1623328302973000,1,13.99599000,24.2400
1623328327001000,1,13.84645221,24.2500
1623328327001000,1,34.61604779,24.2500
1623328379246000,1,13.31609056,24.2300
1623328379246000,1,33.29022639,24.2300
1623328379246000,1,86.54778305,24.2300
1623328405909000,1,12.81658463,24.2600
1623328405909000,1,10.53445128,24.2600
1623328431883000,1,10.53440000,24.2400
1623328432229000,1,2.53752671,24.2400
1623328432229000,1,10.53439329,24.2400
1623328487917000,1,12.94888898,24.2500
1623328487917000,1,32.37595963,24.2500
1623328529200000,1,55.52600000,24.3100
1623328529215000,1,33.47400000,24.3100
1623328537147000,1,20.00000000,24.2900
1623328544326000,1,19.90000000,24.3000
1623328544326000,1,12.59360000,24.3000
1623328548977000,1,12.52950555,24.3000
1623328548977000,1,23.97689445,24.3000
1623328560143000,1,20.50000000,24.2900
1623328581679000,1,20.20000000,24.2700
1623328589546000,1,20.40000000,24.2500
1623328643341000,1,20.00000000,24.2300
1623328699191000,1,11.88269622,24.2500
1623328699191000,1,27.37355168,24.2500
1623328699315000,1,2.33318888,24.2500
1623328699315000,1,20.50000000,24.2500
1623328699514000,1,23.11852371,24.2400
1623328716035000,1,20.50000000,24.2400
1623328762105000,1,11.35536648,24.2400
1623328762105000,1,28.39005543,24.2400
1623328785549000,1,20.30000000,24.2200
1623328785549000,1,27.41046678,24.2200
1623328785549000,1,10.96418671,24.2200
1623328824979000,1,89.00000000,24.2500
1623328835232000,1,10.65621238,24.2400
1623328835232000,1,26.64508762,24.2400
1623328835290000,1,0.00005665,24.2400
1623328835394000,1,51.69880000,24.2300
1623328854490000,1,20.30000000,24.2900
1623328891399000,1,10.21088559,24.2500
1623328891399000,1,25.52721397,24.2500
1623328892962000,0,87.22000000,24.2500
1623328898144000,1,10.03380360,24.2500
1623328898144000,1,25.08450900,24.2500
1623328925017000,1,9.86008734,24.2400
1623328943826000,1,9.81314600,24.2400
1623328943826000,1,24.53285400,24.2400
1623328959954000,0,87.22000000,24.2400
1623329012142000,0,174.43990000,24.2800
1623329021145000,1,17.60000000,24.2600
1623329021201000,1,26.00000000,24.2600
1623329021312000,1,18.98466950,24.2600
1623329021312000,1,4.81533050,24.2600
1623329021445000,1,4.81560334,24.2600
1623329021445000,1,12.39628265,24.2600
1623329025823000,0,19.60000000,24.2700
1623329045960000,0,100.00000000,24.2900
1623329051816000,1,59.83558107,24.2600
1623329052300000,1,9.16264992,24.2600
1623329052300000,1,7.32452494,24.2600
1623329052438000,1,9.82496208,24.2600
1623329052439000,1,5.75713777,24.2600
1623329064072000,0,54.88000000,24.2500
1623329079221000,0,87.22000000,24.2500
1623329079769000,0,1.78000000,24.2500
1623329091138000,0,87.22000000,24.2500
1623329092201000,0,87.22000000,24.2500
1623329092274000,0,1.78000000,24.2500
1623329092688000,0,39.14120000,24.2500
1623329171261000,0,27.44000000,24.3600
1623329172793000,0,87.22000000,24.3800
1623329175176000,0,87.22000000,24.3900
1623329185131000,0,87.22000000,24.4000
1623329214892000,0,87.22000000,24.3800
1623329215264000,0,1.78000000,24.3800
1623329234061000,1,5.37033038,24.3700
1623329234076000,1,5.67413242,24.3700
1623329234093000,1,10.20997124,24.3700
1623329234093000,1,8.50198281,24.3700
1623329262383000,0,16.82207558,24.4200
1623329262389000,0,12.69039635,24.4200
1623329266304000,1,8.33869000,24.4200
1623329266551000,1,0.00000211,24.4200
1623329272444000,1,8.25099000,24.4300
1623329275817000,0,49.77040816,24.4600
1623329276247000,0,124.41219310,24.4700
1623329276247000,0,49.75181146,24.4700
1623329277540000,0,124.30850950,24.4900
1623329277540000,0,49.72498275,24.4900
1623329277540000,0,297.93560775,24.4900
1623329279273000,0,87.22000000,24.5000
1623329281103000,0,10.60000000,24.5200
1623329281103000,0,49.65111747,24.5200
1623329281103000,0,117.51908253,24.5200
1623329281155000,1,89.00000000,24.5000
1623329282258000,1,14.82407000,24.4900
1623329283192000,1,37.68938683,24.4800
1623329283192000,1,14.82407940,24.4800
1623329285086000,1,21.66260000,24.4600
1623329285230000,1,14.82400000,24.4700
1623329301776000,1,19.90000000,24.4700
1623329312701000,0,87.22000000,24.4800
1623329338117000,1,15.32840876,24.5000
1623329356114000,1,15.26571653,24.4700
1623329356114000,1,38.16478347,24.4700
1623329373185000,0,49.75460000,24.4700
1623329391323000,0,37.46540000,24.4800
1623329417083000,0,204.34739920,24.4900
1623329417083000,0,20.30000000,24.4900
1623329417083000,0,89.00000000,24.4900
1623329417083000,0,40.46141281,24.4900
1623329417083000,0,39.71964875,24.4900
1623329417083000,0,228.38762345,24.5000
1623329417083000,0,227.59648739,24.5000
1623329417083000,0,82.52286858,24.5000
1623329417436000,0,89.00000000,24.4900
1623329426282000,1,89.00000000,24.4600
1623329426282000,1,231.98425791,24.4600
1623329426282000,1,15.17913632,24.4600
1623329426282000,1,37.93836577,24.4600
1623329435019000,1,89.00000000,24.4600
1623329436918000,1,89.00000000,24.4600
1623329437881000,1,37.96352082,24.4500
1623329437881000,1,15.18520918,24.4500
1623329438286000,1,98.71360692,24.4400
1623329438286000,1,37.30536692,24.4400
1623329438286000,1,14.92197616,24.4400
1623329457481000,1,13.91670829,24.4100
1623329457481000,1,34.79180962,24.4100
1623329464783000,1,35.71002123,24.4000
1623329468461000,1,61.70000000,24.4000
1623329469645000,1,3.01700000,24.3900
1623329469650000,1,42.90000000,24.3900
1623329469966000,1,61.32914253,24.3900
1623329477571000,1,24.96200000,24.3900
1623329535936000,0,20.00000000,24.4100
1623329535936000,0,205.03872051,24.4100
1623329535936000,0,49.91682011,24.4100
1623329535936000,0,81.04445938,24.4100
1623329536693000,0,16.13062277,24.4200
1623329536961000,0,33.75400399,24.4200
1623329536961000,0,124.70760908,24.4200
1623329537043000,0,0.00000001,24.4200
1623329537927000,1,88.99999999,24.4200
1623329537941000,1,0.00000001,24.4200
1623329539965000,1,71.47000000,24.4100
1623329571745000,1,14.72274268,24.4100
1623329571745000,1,36.80235017,24.4100
1623329571745000,1,9.77490715,24.4100
1623329571806000,1,23.12509285,24.4100
1623329587670000,1,20.00000000,24.4100
1623329637942000,0,6.00000000,24.3900
1623329648449000,0,20.30000000,24.3900
1623329694762000,1,14.01858563,24.3600
1623329694762000,1,1.49837237,24.3600
1623329694938000,1,33.54810000,24.3600
1623329700729000,1,13.63828048,24.3600
1623329700729000,1,34.09561952,24.3600
1623329717801000,0,19.89999999,24.3700
1623329717857000,0,0.00000001,24.3700
1623329735657000,1,20.40000000,24.3600
1623329766113000,1,13.27090000,24.3500
1623329799764000,1,31.95451815,24.3800
1623329800745000,1,20.10000000,24.3800
1623329811797000,1,20.00000000,24.3700
1623329811797000,1,13.05971166,24.3700
1623329811797000,1,32.64978834,24.3700
1623329833360000,1,20.20000000,24.3700
1623329848900000,1,32.10317558,24.3500
1623329848900000,1,12.84112442,24.3500
1623329865273000,1,31.55432314,24.3400
1623329865273000,1,12.61517686,24.3400
1623329865423000,1,0.00002316,24.3400
1623329931862000,1,30.98641561,24.3500
1623329931862000,1,12.39448439,24.3500
1623329950974000,0,49.98356656,24.3800
1623329950974000,0,124.95494344,24.3800
1623329951099000,0,0.00000784,24.3800
1623329962093000,1,32.46724629,24.3600
1623329962093000,1,12.98675371,24.3600
1623329967826000,1,32.46724629,24.3500
1623329967826000,1,12.98689852,24.3500
1623329971725000,1,4.58430000,24.3500
1623330012719000,0,20.10000000,24.3700
1623330015994000,1,12.43995192,24.3700
1623330015994000,1,31.10115580,24.3700
1623330015994000,1,176.85700000,24.3700
1623330015994000,1,89.00000000,24.3600
1623330015994000,1,80.86718019,24.3600
1623330015994000,1,11.41201484,24.3600
1623330017419000,1,80.82141365,24.3700
1623330017419000,1,8.17858635,24.3700
1623330018976000,1,4.25432000,24.3700
1623330047221000,1,27.98569368,24.3200
1623330060442000,0,20.30000000,24.3000
1623330074561000,1,11.00474470,24.2900
1623330074561000,1,27.49795530,24.2900
1623330095579000,1,20.10000000,24.2700
1623330095579000,1,11.07332007,24.2700
1623330095579000,1,27.68637993,24.2700
1623330098086000,1,11.07332007,24.2600
1623330098086000,1,27.68637993,24.2600
1623330098175000,1,0.00011338,24.2600
1623330189491000,1,20.20000000,24.2700
1623330189491000,1,11.39989718,24.2700
1623330189510000,1,3.05894656,24.2700
1623330189510000,1,26.54105344,24.2700
1623330322396000,0,89.00000000,24.3000
1623330453497000,0,49.09542812,24.3200
1623330453534000,0,1.00194751,24.3200
1623330506925000,1,13.65067070,24.3400
1623330506925000,1,34.12666930,24.3400
1623330517742000,1,13.40289000,24.3600
1623330538751000,1,13.33905420,24.3500
1623330538751000,1,33.34681409,24.3500
1623330538751000,1,20.39999171,24.3500
1623330570953000,1,32.74370000,24.3700
1623330591018000,1,12.93385000,24.3700
1623330595269000,1,23.20000000,24.3600
1623330599787000,1,20.40000000,24.3500
1623330619906000,1,20.40000000,24.3200
1623330620392000,1,20.40000000,24.3100
1623330678639000,0,50.06302795,24.3200
1623330678639000,0,38.93687205,24.3200
1623330808875000,1,43.50000000,24.2900
1623330837059000,1,20.60000000,24.2800
1623330866354000,1,43.11239551,24.2800
1623330893013000,0,9.71270036,24.3300
1623330901936000,1,14.36550825,24.3000
1623330901936000,1,20.00000000,24.3000
1623330901936000,1,8.74669175,24.3000
1623330935288000,1,20.50000000,24.2600
1623330977362000,1,20.10000000,24.2300
1623330995651000,1,20.10000000,24.2200
1623331002964000,1,3.58501241,24.2000
1623331003010000,1,4.44000000,24.2000
1623331005242000,1,8.02510000,24.1900
1623331049747000,1,20.60000000,24.1900
1623331057193000,1,20.50000000,24.1800
1623331057893000,1,4.88163288,24.1700
1623331081960000,0,50.34513683,24.1700
1623331081960000,0,125.86925317,24.1700
1623331094284000,1,14.87517264,24.1800
1623331094284000,1,37.18805567,24.1800
1623331097784000,1,14.87517264,24.1600
1623331097784000,1,37.18805567,24.1600
1623331097784000,1,95.05621094,24.1600
1623331110231000,1,20.40000000,24.1400
1623331110730000,1,28.00000000,24.1300
1623331122250000,0,125.95491450,24.1600
1623331122250000,0,50.38196580,24.1600
1623331148342000,1,20.40000000,24.1700
1623331333354000,0,61.30355507,24.2200
1623331335030000,0,7.07773073,24.2300
1623331335064000,0,81.92226927,24.2300
1623331335903000,0,52.42311455,24.2400
1623331344012000,1,20.30000000,24.2300
1623331346890000,1,206.16053000,24.2200
1623331355079000,0,89.00000000,24.2300
1623331358977000,1,206.28018948,24.2200
1623331358977000,1,19.99999052,24.2200
1623331436510000,1,20.00000000,24.2700
1623331470977000,0,89.00000000,24.2300
1623331533853000,1,20.20000000,24.2400
1623331565637000,0,41.02680412,24.2500
1623331593943000,1,25.57322946,24.2000
1623331594325000,1,10.50831278,24.2000
1623331601209000,0,50.28350000,24.1900
1623331601385000,0,0.00006784,24.1900
1623331601385000,0,125.71523216,24.1900
1623331611481000,0,50.26472671,24.2000
1623331611481000,0,125.65877329,24.2000
1623331788491000,0,18.29610000,24.2100
1623331851872000,0,19.82979426,24.2200
1623331957237000,1,20.30000000,24.1600
1623331983668000,0,89.00000000,24.1500
1623332004730000,0,37.21172853,24.1600
1623332004730000,0,92.98889014,24.1600
1623332023735000,0,66.21471688,24.1600
1623332037470000,0,89.00000000,24.1800
1623332052068000,1,37.90000000,24.1700
1623332052859000,0,10.00000000,24.1700
1623332077799000,0,22.99993855,24.2000
1623332077799000,0,29.45006145,24.2000
1623332077900000,0,3.64956984,24.2000
1623332077904000,0,24.40021508,24.2000
1623332078237000,0,7.45073890,24.2100
1623332078265000,0,24.17295562,24.2100
1623332078367000,0,7.44906002,24.2100
1623332078627000,0,7.44906002,24.2100
1623332079439000,0,27.76279974,24.2200
1623332079784000,0,6.19681070,24.2200
1623332079931000,0,9.92606729,24.2200
1623332091257000,0,6.03509952,24.2200
1623332091526000,0,82.96490048,24.2200
1623332091732000,0,19.60000000,24.2200
1623332092678000,0,7.91376892,24.2300
1623332092709000,0,36.42993715,24.2300
1623332093000000,0,5.88630047,24.2300
1623332093235000,0,4.78106289,24.2300
1623332139183000,0,89.00000000,24.2100
1623332139183000,0,15.28607147,24.2200
1623332139183000,0,14.34418407,24.2200
1623332142768000,1,20.40000000,24.2000
1623332165120000,0,4.47104739,24.2100
1623332190812000,1,20.50000000,24.2200
1623332226658000,0,2.67997970,24.2500
1623332247229000,1,20.20000000,24.2400
1623332336126000,0,11.85100649,24.2400
1623332336126000,0,29.62751621,24.2400
1623332336183000,0,77.05083921,24.2500
1623332337060000,0,11.85100000,24.2600
1623332337248000,0,0.00000649,24.2600
1623332337248000,0,29.62749351,24.2600
1623332358306000,1,20.10000000,24.2500
1623332405497000,0,9.00300405,24.2800
1623332405497000,0,22.50751013,24.2800
1623332405807000,0,57.35487307,24.2900
1623332406095000,0,1.17050761,24.2900
1623332406095000,0,2.01188310,24.2900
1623332406176000,0,9.00782474,24.2900
1623332406176000,0,22.51956185,24.2900
1623332411081000,0,61.00094768,24.3000
1623332419998000,1,20.40000000,24.2900
1623332419998000,1,89.00000000,24.2900
1623332420085000,1,14.91573000,24.2900
1623332445992000,1,20.30000000,24.2800
1623332448351000,1,19.90000000,24.2700
1623332508276000,1,14.37395970,24.3100
1623332508276000,1,35.93496493,24.3100
1623332603291000,0,57.41493082,24.3500
1623332603291000,0,22.07845423,24.3500
1623332603291000,0,8.83138169,24.3500
1623332645233000,1,20.30000000,24.3600
1623332656206000,0,65.52753000,24.3500
1623332656305000,0,89.00000000,24.3600
1623332657700000,0,21.56000000,24.3600
1623332678801000,1,25.19887592,24.3400
1623332678801000,1,10.07954408,24.3400
1623332714730000,0,38.33173297,24.3700
1623332714976000,0,0.78228026,24.3700
1623332714976000,0,6.01681021,24.3700
1623332714976000,0,15.04202552,24.3700
1623332725658000,0,230.74049360,24.3900
1623332757827000,1,20.00000000,24.3700
1623332763004000,1,20.30000000,24.3600
1623332775517000,0,32.07480451,24.3800
1623332775517000,0,4.93341669,24.3800
1623332775517000,0,12.33354173,24.3800
1623332783560000,0,78.81572942,24.3900
1623332783560000,0,83.79148665,24.3900
1623332803570000,1,11.35701000,24.3900
1623332803728000,1,0.00000636,24.3900
1623332803728000,1,28.39136364,24.3900
1623332816195000,0,62.46290000,24.4000
1623332822880000,1,20.00000000,24.3900
1623332833040000,1,20.40000000,24.3800
1623332848434000,0,4.76422885,24.3900
1623332848434000,0,11.90569074,24.3900
1623332848434000,0,58.92298041,24.3900
1623332858657000,0,4.46259283,24.4000
1623332858657000,0,3.37740717,24.4000
1623332869283000,0,4.31873762,24.4200
1623332869283000,0,10.80223238,24.4200
1623332869381000,0,0.00000833,24.4200
1623332881072000,1,11.38321334,24.4400
1623332925540000,1,20.20000000,24.4000
1623332927868000,1,89.00000000,24.3900
1623332937894000,1,20.40000000,24.3800
1623332937894000,1,89.00000000,24.3800
1623332943155000,1,58.43295372,24.3700
1623332945165000,1,4.62005857,24.3700
1623332946971000,1,33.20000000,24.3700
1623332947141000,1,16.80000000,24.3700
1623332947156000,1,39.00000000,24.3700
1623332948863000,0,97.01543847,24.3700
1623332949120000,0,74.71507153,24.3700
1623332949120000,0,5.37052847,24.3700
1623332958441000,1,89.00000000,24.3700
1623333297844000,1,10.29116564,24.3300
1623333297844000,1,25.72783436,24.3300
1623333409159000,1,5.00000000,24.3600
1623333452590000,1,20.20000000,24.3500
1623333452590000,1,9.55820000,24.3500
1623333497526000,1,23.35575826,24.3500
1623333505431000,1,5.15326530,24.3400
1623333619650000,1,220.58717962,24.4400
1623333619650000,1,42.48282038,24.4400
1623333620562000,1,22.96972237,24.4400
1623333620562000,1,9.18307763,24.4400
1623333633128000,0,86.13528108,24.4600
1623333646557000,0,68.60000000,24.4400
1623333646811000,0,9.11400000,24.4400
1623333658354000,0,87.22000000,24.4600
1623333658381000,0,1.78000000,24.4600
1623333659491000,0,87.22000000,24.4600
1623333666778000,0,1.74440000,24.4600
1623333683668000,0,48.37493335,24.4800
1623333683708000,0,40.62506665,24.4800
1623333688204000,0,5.48527078,24.5000
1623333692934000,0,5.48491228,24.5200
1623333692934000,0,13.71317502,24.5200
1623333693201000,0,35.65171644,24.5300
1623333693201000,0,5.48585181,24.5300
1623333693201000,0,13.71317502,24.5300
1623333694031000,0,5.38739576,24.5400
1623333694031000,0,13.46848940,24.5400
1623333694031000,0,35.01793642,24.5400
1623333698134000,0,227.40070000,24.5600
1623333698528000,0,143.07690000,24.5700
1623333700448000,1,20.19999999,24.5500
1623333700538000,1,16.39909412,24.5500
1623333702188000,1,10.30000000,24.5300
1623333767232000,1,19.90000000,24.5300
1623333775184000,0,3.38023684,24.5400
1623333775184000,0,95.12995060,24.5400
1623333811165000,1,20.00000000,24.5500
1623333844474000,1,19.90000000,24.5400
1623333845051000,0,3.31921933,24.5500
1623333845051000,0,8.29466963,24.5500
1623333845051000,0,3.93079516,24.5500
1623333855330000,0,3.31796371,24.5600
1623333855330000,0,7.76330999,24.5600
1623333855441000,0,0.53135964,24.5600
1623333879689000,1,15.24229444,24.5400
1623333879689000,1,38.10833556,24.5400
1623333891793000,1,19.90000000,24.5300
1623333899982000,0,3.86211076,24.5300
1623333905239000,0,3.85864884,24.5400
1623333905239000,0,9.47973116,24.5400
1623333905277000,0,0.00001243,24.5400
1623333936329000,1,79.30000000,24.5200
1623334072119000,1,19.90000000,24.4500
1623334075518000,1,19.90000000,24.4400
1623334101212000,0,2.38791190,24.4100
1623334101212000,0,5.96733511,24.4100
1623334101212000,0,15.52956299,24.4100
1623334115567000,1,89.00000000,24.3500
1623334117165000,1,89.00000000,24.3400
1623334122366000,0,3.82052000,24.3600
1623334148335000,0,2.98697691,24.2500
1623334149678000,0,2.98927774,24.2600
1623334149678000,0,7.46752232,24.2600
1623334149678000,0,2.98695994,24.2600
1623334156495000,1,10.20000000,24.2600
1623334192292000,1,9.80000000,24.1600
1623334217585000,1,20.50000000,24.1100
1623334248463000,0,207.76160743,24.0900
1623334248463000,0,79.99999257,24.0900
1623334266193000,1,9.70000000,24.1500
1623334268251000,0,20.40000000,24.1600
1623334308424000,1,20.50000000,24.1200
1623334312128000,0,20.20000000,24.1400
1623334358491000,0,20.10000000,24.2200
1623334360351000,0,10.40000000,24.2400
1623334360981000,1,20.20000000,24.2200
1623334362027000,1,20.50000000,24.2100
1623334362355000,1,20.20000000,24.2100
1623334362721000,1,20.50000000,24.2100
1623334363177000,1,36.10000000,24.2000
1623334371809000,1,10.10000000,24.1600
1623334371809000,1,9.90000000,24.1600
1623334391732000,0,89.00000000,24.1800
1623334391732000,0,20.40000000,24.1800
1623334417264000,0,6.26323238,24.1700
1623334417264000,0,2.50529295,24.1700
1623334417264000,0,16.28427467,24.1700
1623334423297000,1,20.40000000,24.1700
1623334423297000,1,15.60369785,24.1700
1623334423297000,1,15.68270215,24.1700
1623334423463000,1,0.00017418,24.1700
1623334450695000,0,22.60956240,24.1700
1623334450695000,0,6.54543760,24.1700
1623334450927000,0,2.15054794,24.1700
1623334450927000,0,3.47825206,24.1700
1623334452052000,0,8.69598554,24.1800
1623334452052000,0,3.47821446,24.1800
1623334452078000,0,0.00017976,24.1800
1623334452078000,0,16.98942024,24.1800
1623334464601000,1,16.18104810,24.1800
1623334464601000,1,105.18029130,24.1800
1623334464601000,1,23.59046060,24.1800
1623334469367000,0,20.09999999,24.2000
1623334469368000,0,0.00000001,24.2000
1623334471491000,1,89.00000000,24.1800
1623334471491000,1,13.35901120,24.1800
1623334483884000,1,20.20000000,24.1800
1623334484482000,1,17.30305764,24.1800
1623334491696000,1,87.22000000,24.2000
1623334508646000,0,20.30000000,24.1600
1623334525165000,0,20.20000000,24.1800
1623334544307000,1,58.95680000,24.2000
1623334544336000,1,30.04320000,24.2000
1623334556151000,1,89.00000000,24.2100
1623334577094000,1,87.22000000,24.1500
1623334578236000,1,1.74440000,24.1500
1623334603505000,1,16.88330468,24.1900
1623334603505000,1,42.20852901,24.1900
1623334628462000,1,219.92852922,24.1300
1623334648453000,1,74.92989094,24.1100
1623334651306000,1,15.88950197,24.0800
