timestamp ms,type,amount,price
1626912089965000,1,63.65194899,15.2700
1626912089965000,1,25.46799494,15.2700
1626912089967000,1,0.00000001,15.2700
1626912132322000,1,24.90287547,15.1900
1626912132322000,1,11.99992453,15.1900
1626912150797000,0,365.46000000,15.1900
1626912160123000,1,24.54530000,15.1800
1626912165655000,1,24.42787483,15.1800
1626912165655000,1,61.06942517,15.1800
1626912176632000,1,24.44910000,15.1700
1626912181488000,1,23.88750000,15.1800
1626912185720000,1,58.66125132,15.1700
1626912185720000,1,23.88744868,15.1700
1626912192282000,0,137.20000000,15.1700
1626912204517000,0,12.22500000,15.1800
1626912211680000,1,23.41540000,15.1800
1626912237756000,1,12.22500000,15.1800
1626912237822000,1,11.50470000,15.1800
1626912375269000,0,1.84920000,15.1800
1626912421424000,0,2.98510000,15.1800
1626912462884000,0,2.22900000,15.2300
1626912541698000,0,19.30600000,15.2400
1626912542126000,0,96.43200000,15.2400
1626912586600000,0,23.74540000,15.2700
1626912594853000,0,60.00000000,15.2800
1626912594973000,0,54.00000000,15.2800
1626912602823000,1,7.06330000,15.2700
1626912636976000,0,13.57730000,15.2800
1626912636989000,0,2.14250000,15.2800
1626912637001000,0,1.97270000,15.2800
1626912637004000,0,14.34780000,15.2800
1626912637017000,0,5.79370000,15.2800
1626912637023000,0,1.65010000,15.2800
1626912637055000,0,2.92330000,15.2800
1626912637059000,0,4.82070000,15.2800
1626912637078000,0,1.96960000,15.2800
1626912637096000,0,2.55330000,15.2800
1626912637214000,0,17.95080000,15.2800
1626912637226000,0,2.94490000,15.2800
1626912637263000,0,6.51810000,15.2800
1626912645444000,1,60.00000000,15.2900
1626912667658000,1,19.16480000,15.2700
1626912668995000,0,3.87300000,15.2800
1626912695760000,0,48.05740000,15.3000
1626912695774000,0,2.36380000,15.3000
1626912695779000,0,4.95340000,15.3000
1626912695780000,0,1.60980000,15.3000
1626912695783000,0,1.60800000,15.3000
1626912695796000,0,6.79220000,15.3000
1626912709275000,0,13.32800000,15.3100
1626912709859000,0,46.00000000,15.3100
1626912738479000,1,28.88038120,15.3300
1626912738479000,1,36.50421880,15.3300
1626912738489000,1,7.70800000,15.3300
1626912738490000,1,2.20180000,15.3300
1626912879463000,1,27.35622794,15.3500
1626912881146000,1,60.00000000,15.3400
1626912919767000,1,487.81922659,15.3200
1626912919767000,1,27.26635008,15.3200
1626912932897000,1,11.00000000,15.3100
1626912990293000,0,9.90970000,15.3400
1626913009931000,1,26.90425000,15.3400
1626913016814000,1,3.50390000,15.3300
1626913016819000,1,1.68040000,15.3300
1626913016841000,1,2.81340000,15.3300
1626913016862000,1,1.67440000,15.3300
1626913016924000,1,17.25250328,15.3300
1626913039227000,1,26.68016000,15.3200
1626913044738000,1,26.68608000,15.3100
1626913198691000,1,4.99690000,15.3200
1626913198694000,1,4.29620000,15.3200
1626913198700000,1,4.29640000,15.3200
1626913198736000,1,3.48040000,15.3200
1626913198802000,1,9.34836358,15.3200
1626913300344000,0,26.74200000,15.3800
1626913307308000,0,34.00000000,15.3800
1626913409918000,1,93.07600465,15.4100
1626913430393000,0,64.43570000,15.4200
1626913430435000,0,0.00009766,15.4200
1626913445053000,0,4.19883419,15.4400
1626913532746000,1,25.85530000,15.4100
1626913702956000,0,65.00000000,15.4600
1626913726676000,1,1.96320000,15.4300
1626913726705000,1,2.72770000,15.4300
1626913726732000,1,1.90280000,15.4300
1626913726763000,1,1.73130000,15.4300
1626913726820000,1,1.95420000,15.4300
1626913815669000,0,10.27920000,15.4700
1626913859650000,0,34.53913991,15.4800
1626913859650000,0,76.23656009,15.4800
1626913867430000,0,100.00000000,15.4800
1626913946653000,0,2.72440000,15.4100
1626913946663000,0,1.73920000,15.4100
1626913946666000,0,72.06140000,15.4100
1626913946700000,0,0.00003198,15.4100
1626913947087000,1,42.38180878,15.4100
1626913965780000,1,4.46360000,15.4100
1626913966510000,1,9.76440000,15.4100
1626913970922000,1,14.85200000,15.4000
1626914006293000,1,59.99999999,15.3900
1626914006310000,1,0.00000001,15.3900
1626914092070000,1,16.00000000,15.3400
1626914094379000,0,16.72010000,15.3500
1626914094399000,0,2.00780000,15.3500
1626914094432000,0,2.10400000,15.3500
1626914094498000,0,4.62980000,15.3500
1626914154617000,1,10.60970000,15.3300
1626914260285000,1,1470.00000000,15.3100
1626914260291000,1,560.00000000,15.3100
1626914260375000,1,1057.57742000,15.3100
1626914260385000,1,88.94723708,15.3100
1626914322607000,1,6.74600000,15.3100
1626914381437000,1,3.84500000,15.3400
1626914400924000,1,5.02799999,15.3300
1626914400965000,1,0.00000001,15.3300
1626914602774000,0,34.23530000,15.3300
1626914602778000,0,7.03400000,15.3300
1626914602792000,0,4.37830000,15.3300
1626914602804000,0,3.59430000,15.3300
1626914602820000,0,2.00260000,15.3300
1626914625894000,0,28.91880000,15.3300
1626914726895000,1,23.57732407,15.2700
1626914726895000,1,56.58597593,15.2700
1626915103720000,0,77.44870000,15.2200
1626915118448000,1,26.64000000,15.2000
1626915118474000,1,16.53313285,15.2000
1626915118477000,1,114.00000000,15.2000
1626915118495000,1,98.65026509,15.2000
1626915118499000,1,37.52999999,15.2000
1626915118519000,1,32.91830363,15.2000
1626915118540000,1,11.00000000,15.2000
1626915118547000,1,56.14640371,15.2000
1626915118548000,1,8.01371102,15.2000
1626915118570000,1,27.05912907,15.2000
1626915118571000,1,23.50905464,15.2000
1626915243478000,1,5.06580000,15.1800
1626915243929000,1,2.10140000,15.1800
1626915244005000,1,1.64870000,15.1800
1626915539639000,0,8.81580000,15.2100
1626915754063000,1,27.78917485,15.1700
1626915754063000,1,43.21082515,15.1700
1626915754115000,1,26.25484421,15.1700
1626915754558000,1,2.50500000,15.1600
1626915754577000,1,3.40900000,15.1600
1626915754616000,1,2.09210000,15.1600
1626915754631000,1,1.99260000,15.1600
1626915754665000,1,1.69620000,15.1600
1626915754665000,1,4.97590000,15.1600
1626915798550000,1,152.66525907,15.1500
1626915798550000,1,155.21452578,15.1500
1626915798726000,1,43.29331981,15.1500
1626915890265000,1,98.30854233,15.1000
1626915890340000,1,8.11924398,15.1000
1626915890406000,1,24.39829326,15.1000
1626915890446000,1,330.00000000,15.1000
1626915890460000,1,7.03987002,15.1000
1626915890470000,1,32.80216947,15.1000
1626915890482000,1,100.48500764,15.1000
1626915890497000,1,15.19104191,15.1000
1626915890510000,1,560.00000000,15.1000
1626915890511000,1,14.07364465,15.1000
1626915890536000,1,98.41253316,15.1000
1626915890569000,1,43.83213361,15.1000
1626915890570000,1,240.00000000,15.1000
1626915890592000,1,12.61276072,15.1000
1626915890608000,1,33.14651364,15.1000
1626915890623000,1,270.00000000,15.1000
1626915890683000,1,300.00000000,15.1000
1626915890705000,1,811.57824561,15.1000
1626916052460000,0,208.80788000,15.1100
1626916509978000,0,123.91075147,15.0700
1626916509978000,0,67.13337756,15.0700
1626916509978000,0,166.05115657,15.0700
1626916510083000,0,60.00000000,15.0700
1626916517556000,0,47.20290770,15.0700
1626916517558000,0,14.75246803,15.0700
1626916518334000,1,7.98270000,15.0700
1626916518334000,1,4.00300000,15.0700
1626916518334000,1,0.51430000,15.0700
1626916518334000,1,37.43610000,15.0700
1626916518343000,1,4.35030000,15.0700
1626916518345000,1,3.06020000,15.0700
1626916518355000,1,5.16840000,15.0700
1626916518361000,1,3.66950000,15.0700
1626916518365000,1,2.05900000,15.0700
1626916518381000,1,3.32600000,15.0700
1626916518384000,1,8.16460000,15.0700
1626916518436000,1,55.52600000,15.0700
1626916531849000,0,34.05592826,15.0700
1626916531849000,0,57.18057174,15.0700
1626916531880000,0,108.93955373,15.0700
1626916531880000,0,140.00000000,15.0800
1626916531880000,0,65.90848805,15.0800
1626916531880000,0,3.66993630,15.0800
1626916531885000,0,122.67316224,15.0800
1626916531888000,0,39.65433682,15.0800
1626916531888000,0,215.17153502,15.0800
1626916533648000,1,12.49999999,15.0700
1626916533652000,1,0.00000001,15.0700
1626916578070000,0,133.01046930,15.0600
1626916578070000,0,155.79308367,15.0600
1626916578070000,0,47.85170100,15.0600
1626916578106000,0,66.26410085,15.0700
1626916578106000,0,129.33330125,15.0700
1626916578251000,0,17.84648715,15.0800
1626916598162000,1,25.30360000,15.0800
1626916598218000,1,0.00007301,15.0800
1626916626732000,0,161.68536727,15.0900
1626916676375000,0,5.16850000,15.1100
1626916679346000,0,60.00000000,15.0900
1626916684574000,1,25.16481008,15.0800
1626916705176000,1,25.18583945,15.0700
1626916705176000,1,25.21099341,15.0700
1626916705368000,1,37.44161443,15.0700
1626916705368000,1,45.59539976,15.0700
1626916705371000,1,83.04804645,15.0700
1626916705602000,1,34.24637000,15.0700
1626916791655000,1,17.39520809,15.0800
1626916791746000,1,6.40520698,15.0800
1626916793250000,0,58.00000000,15.0800
1626916824055000,0,203.45000000,15.0900
1626916851549000,1,23.66476835,15.0900
1626916851571000,1,0.00000001,15.0900
1626917005810000,0,78.10540000,15.0900
1626917005844000,0,0.00007417,15.0900
1626917097876000,1,36.49746217,15.0900
1626917664734000,0,132.18861963,15.1400
1626917664734000,0,24.28248037,15.1400
1626917664737000,0,41.38462663,15.1400
1626917664737000,0,39.62877956,15.1400
1626917664755000,0,66.46204620,15.1500
1626917664755000,0,132.09731938,15.1500
1626917664755000,0,55.33028731,15.1500
1626917664755000,0,317.36206611,15.1500
1626917664756000,0,87.25356641,15.1500
1626917664762000,0,36.00000000,15.1400
1626917664762000,0,51.19515891,15.1500
1626917664772000,0,42.85892126,15.1500
1626917664772000,0,5.98597874,15.1500
1626917664772000,0,30.01402126,15.1500
1626917664807000,0,36.00000000,15.1500
1626917664826000,1,132.22641222,15.1400
1626917666250000,0,147.62810000,15.2100
1626917667209000,0,560.00000000,15.2000
1626917667233000,0,506.22903000,15.2000
1626917667295000,0,240.06487048,15.2000
1626917670336000,0,140.00000000,15.2100
1626917670390000,1,1172.34499000,15.2100
1626917670505000,1,0.00000705,15.2100
1626917716210000,1,49.94573086,15.1900
1626917716462000,1,29.63267359,15.1900
1626917716906000,1,9.50000000,15.1900
1626917719705000,1,48.40332203,15.1900
1626917775202000,1,54.52396433,15.1500
1626917775206000,1,85.47603567,15.1500
1626917775206000,1,18.80418470,15.1500
1626917775349000,1,6.24744186,15.1500
1626917925314000,1,30.00000000,15.1200
1626917931536000,0,6.20600000,15.1400
1626917994091000,1,24.96034729,15.1300
1626917994091000,1,180.35545271,15.1300
1626918057934000,1,9.30000041,15.0800
1626918106554000,0,132.00000000,15.0700
1626918113876000,0,159.57564432,15.0800
1626918113876000,0,202.74663568,15.0800
1626918153903000,0,3.12500000,15.1200
1626918173204000,0,209.03910000,15.1300
1626918297937000,0,65.31353135,15.1500
1626918297937000,0,99.12469540,15.1500
1626918297974000,0,99.01379245,15.1600
1626918297974000,0,446.00000000,15.1600
1626918297974000,0,14.98620755,15.1600
1626918297991000,0,2.77164187,15.1600
1626918298028000,1,99.12534026,15.1500
1626918352855000,0,98.83331000,15.2000
1626918541036000,1,24.65866542,15.2000
1626918541873000,1,77.88370511,15.1900
1626918542037000,1,62.11629489,15.1900
1626918782961000,1,24.45680000,15.2400
1626918811175000,1,3.93980000,15.2100
1626918811195000,1,4.16770000,15.2100
1626918811196000,1,1.70530000,15.2100
1626918811214000,1,4.46130000,15.2100
1626918811222000,1,3.27960000,15.2100
1626918811241000,1,4.55710000,15.2100
1626918811258000,1,2.07260000,15.2100
1626918811274000,1,0.20367960,15.2100
1626918941858000,0,48.84370000,15.2200
1626919071023000,1,60.00000000,15.2000
1626919178934000,0,65.89246800,15.1900
1626919178934000,0,66.58986174,15.1900
1626919236326000,1,1.67790000,15.1800
1626919320064000,0,1.67790000,15.1800
1626919369044000,0,32.97286458,15.1800
1626919369044000,0,65.48748352,15.1800
1626919369044000,0,24.79393931,15.1800
1626919369044000,0,37.43096034,15.1800
1626919369046000,0,28.23153141,15.1800
1626919369085000,0,24.00000000,15.1800
1626919369085000,0,32.95758984,15.1900
1626919369085000,0,65.24687293,15.1900
1626919369085000,0,130.39650132,15.1900
1626919369148000,1,12.50000000,15.1800
1626919369167000,0,20.47847679,15.1800
1626919369570000,0,36.00000000,15.2000
1626919377575000,1,24.73953949,15.2000
1626919377575000,1,61.83933051,15.2000
1626919431753000,1,9.95100000,15.1800
1626919431781000,1,1.93080000,15.1800
1626919431787000,1,8.80190000,15.1800
1626919431834000,1,3.69310000,15.1800
1626919431840000,1,0.77228641,15.1800
1626919464595000,1,49.65402649,15.1600
1626919471985000,0,25.14900000,15.1800
1626919556682000,1,24.82960000,15.2200
1626919583013000,0,152.09000000,15.2400
1626919583016000,0,0.00672497,15.2400
1626919606538000,0,50.00000000,15.2300
1626919662099000,1,24.69310000,15.2200
1626919704334000,1,4.73846153,15.2000
1626919705826000,1,60.00000000,15.2100
1626919732041000,0,24.69310000,15.2200
1626919783630000,1,282.12464155,15.2200
1626919849313000,1,27.72226841,15.1900
1626919852396000,1,47.91690000,15.1800
1626919852442000,1,2.72270000,15.1800
1626919862173000,0,32.94620000,15.1900
1626919956244000,0,17.69340000,15.1800
1626920130935000,0,60.00000000,15.1800
1626920822020000,0,32.95900518,15.1800
1626921135340000,1,1.92400000,15.1200
1626921193523000,0,1.92400000,15.1200
1626921294267000,1,1.85010000,15.0900
1626921294967000,1,3.86280000,15.0900
1626921334578000,1,20.00000000,15.1100
1626921412411000,1,4.07550000,15.0800
1626921412422000,1,1.98800000,15.0800
1626921412551000,1,24.58721215,15.0800
1626921425427000,1,36.24100247,15.0700
1626921425543000,1,14.77904475,15.0700
1626921435898000,1,20.00000000,15.0500
1626921462765000,0,11.77640000,15.0900
1626921462814000,0,4.97490000,15.0900
1626921462829000,0,2.21190000,15.0900
1626921462859000,0,3.22360000,15.0900
1626921462863000,0,1.60740000,15.0900
1626921470437000,0,162.26038000,15.1000
1626921473477000,1,12.01780000,15.1000
1626921473527000,1,11.00000000,15.1000
1626921546070000,0,20.54366923,15.1100
1626921546122000,0,58.50000000,15.1100
1626921546144000,0,11.71607322,15.1100
1626921546680000,0,8.13400000,15.1100
1626921547165000,0,3.62600000,15.1100
1626921547408000,0,4.99800000,15.1100
1626921547655000,0,218.27262000,15.1100
1626921547665000,0,17.73800000,15.1100
1626921547676000,0,1.66000000,15.1100
1626921547714000,0,1.84610000,15.1100
1626921622531000,1,3.50610000,15.1000
1626921622549000,1,18.61060000,15.1000
1626921647354000,0,18.61060000,15.1200
1626921675461000,0,7.77590000,15.1300
1626921721585000,1,7.77590000,15.1300
1626921976500000,1,152.62050000,15.1000
1626921976503000,1,0.00001990,15.1000
1626922022687000,0,78.14776000,15.0900
1626922022714000,0,0.00000491,15.0900
1626922247152000,1,22.49660000,15.1000
1626922247282000,1,0.00003934,15.1000
1626922274877000,1,23.07589333,15.1000
1626922274877000,1,58.92410667,15.1000
1626922274943000,1,4.82910000,15.1000
1626922396057000,0,4.65410000,15.1300
1626922412096000,0,3.92000000,15.1400
1626922412185000,0,1.69900000,15.1400
1626922412198000,0,1.73880000,15.1400
1626922415490000,0,58.80000000,15.1400
1626922415581000,0,12.00000000,15.1400
1626922415667000,0,12.00000000,15.1400
1626922430457000,1,8.09190000,15.1400
1626922514953000,1,2.53170000,15.1300
1626922514962000,1,1.79690000,15.1300
1626922514977000,1,1.63200000,15.1300
1626922514992000,1,2.49110000,15.1300
1626922515027000,1,3.26770000,15.1300
1626922515047000,1,6.39910000,15.1300
1626922515056000,1,2.07860000,15.1300
1626922515072000,1,2.18760000,15.1300
1626922515089000,1,1.61160000,15.1300
1626922515102000,1,0.85336904,15.1300
1626922858009000,0,24.84960000,15.1200
1626922917173000,0,32.88610191,15.2300
1626923241668000,0,77.57538184,15.2000
1626923241668000,0,134.27689816,15.2000
1626923241734000,0,59.68966000,15.2000
1626923775875000,1,11.51840000,15.3000
1626923775875000,1,18.83350000,15.3000
1626923775887000,1,4.01260000,15.3000
1626923775889000,1,7.06800000,15.3000
1626923775899000,1,1.65540000,15.3000
1626923775901000,1,5.55540000,15.3000
1626923775901000,1,4.34060000,15.3000
1626923775912000,1,10.04400000,15.3000
1626923775918000,1,0.83667656,15.3000
1626923775918000,1,0.93282344,15.3000
1626923775925000,1,9.87320000,15.3000
1626923776020000,1,14.74310000,15.3000
1626923776214000,1,14.74313000,15.3000
1626923776340000,1,14.74313403,15.3000
1626923872474000,0,32.77330000,15.2700
1626924008980000,1,60.00000000,15.2500
1626924102284000,0,56.64030000,15.2300
1626924102452000,0,17.98959213,15.2300
1626924102628000,0,2.80430000,15.2300
1626924102763000,0,0.00004969,15.2300
1626924142801000,1,2.80430000,15.2100
1626924603745000,1,24.10409031,15.1500
1626924603745000,1,329.81900969,15.1500
1626924623037000,1,38.00000000,15.1200
1626924740958000,1,11.00000000,15.1000
1626924740988000,1,13.06090000,15.1000
1626924741039000,1,0.00007787,15.1000
1626924781494000,0,3.17470000,15.1100
1626924782396000,0,199.30711310,15.1100
1626924785514000,0,2.36870000,15.1400
1626924785535000,0,6.68430000,15.1400
1626924785595000,0,7.47830000,15.1400
1626924785602000,0,2.48920000,15.1400
1626924834362000,0,2.84200000,15.1500
1626924852213000,0,157.36026604,15.1600
1626924878716000,1,23.98240000,15.1600
1626924935514000,1,22.19520000,15.1300
1626925037630000,1,23.91139000,15.1300
1626925198594000,0,12.51860000,15.1500
1626925295327000,0,1.64960000,15.1500
1626925403264000,1,196.68188000,15.1600
1626925461462000,1,12.00000000,15.1600
1626925620594000,0,8.00030000,15.2300
1626925621378000,0,3.89464112,15.2300
1626925630448000,1,22.16850000,15.2200
1626925630589000,1,305.99041000,15.2200
1626925883240000,0,3.08660000,15.2300
1626925883255000,0,2.00690000,15.2300
1626925883264000,0,2.19330000,15.2300
1626925883277000,0,1.94460000,15.2300
1626925883302000,0,2.06400000,15.2300
1626925883304000,0,2.11510000,15.2300
1626925883318000,0,1.88140000,15.2300
1626926268161000,1,15.29190000,15.1900
1626926464092000,0,44.53190000,15.2200
1626926464114000,0,2.64680000,15.2200
1626926558873000,1,60.00000000,15.1800
1626926586462000,0,12.82130000,15.1800
1626926855063000,0,80.25583490,15.2400
1626926855652000,0,11.70600000,15.2400
1626927127087000,0,4.02270000,15.2800
1626927406857000,1,24.40155000,15.3200
1626927460533000,0,4.79540000,15.3300
1626927460558000,0,4.35830000,15.3300
1626927460568000,0,2.13160000,15.3300
1626927460572000,0,3.04510000,15.3300
1626927460582000,0,3.71290000,15.3300
1626927460584000,0,1.86920000,15.3300
1626927460594000,0,2.69870000,15.3300
1626927460614000,0,1.61980000,15.3300
1626927460623000,0,2.96750000,15.3300
1626927460658000,0,2.28070000,15.3300
1626927618632000,1,24.33647000,15.3800
1626927762121000,1,8.39567404,15.3700
1626927838786000,1,24.23813000,15.3700
1626927903709000,1,24.13260000,15.3600
1626927903710000,1,0.00002636,15.3600
1626927911364000,1,9.36930000,15.3400
1626928007681000,1,11.00000000,15.3500
1626928007748000,1,13.74166000,15.3500
1626928085720000,1,61.37579432,15.3900
1626928085720000,1,24.54766568,15.3900
1626928088850000,1,24.56649000,15.3800
1626928124912000,0,76.65798303,15.3900
1626928143030000,1,24.33618000,15.4200
1626928172914000,0,140.00000000,15.4200
1626928172914000,0,97.39242882,15.4200
1626928172914000,0,198.35816229,15.4200
1626928172914000,0,5.18805897,15.4300
1626928172914000,0,97.33546249,15.4300
1626928172914000,0,64.56902137,15.4300
1626928172914000,0,154.72423273,15.4300
1626928172914000,0,613.62949048,15.4300
1626928200812000,1,202.10219094,15.4200
1626928208927000,1,150.97011000,15.4000
1626928269108000,1,23.48090000,15.3900
1626928269156000,1,0.00000542,15.3900
1626928325907000,1,22.38124000,15.3700
1626928371773000,1,22.15109000,15.3700
1626928371796000,1,0.00000804,15.3700
1626928458055000,1,87.79000000,15.3800
1626928458055000,1,22.40113786,15.3800
1626928458055000,1,56.00716214,15.3800
1626928484602000,1,22.01925000,15.3800
1626928555410000,0,76.74020000,15.3700
1626928555476000,0,0.00002963,15.3700
1626928635275000,1,22.35002000,15.3400
1626928661079000,1,22.35002000,15.3300
1626928686957000,1,22.15604114,15.3100
1626928686957000,1,6.51875850,15.3100
1626928687009000,1,62.37051713,15.3100
1626928687067000,1,18.90072437,15.3100
1626928820473000,1,21.71391573,15.3100
1626928820473000,1,36.03414469,15.3100
1626928820537000,1,1.68180000,15.3100
1626928820635000,1,2.27790000,15.3100
1626928820680000,1,14.27960977,15.3100
1626929041259000,0,3.95970000,15.3200
1626929045674000,1,24.66977000,15.3200
1626929128513000,1,130.14658918,15.3000
1626929149167000,1,53.73545626,15.2900
1626929149195000,1,126.60103130,15.2900
1626929149300000,1,28.50827387,15.2900
1626929149300000,1,24.45640268,15.2900
1626929149300000,1,61.42800966,15.2900
1626929149414000,1,11.92688065,15.2900
1626929149422000,1,30.83817180,15.2900
1626929149423000,1,26.98173025,15.2900
1626929149456000,1,8.82520764,15.2900
1626929169918000,0,77.17642308,15.2900
1626929170083000,0,65.94117646,15.3000
1626929170083000,0,501.47733866,15.3000
1626929170083000,0,192.82749971,15.3000
1626929170240000,0,77.12998174,15.3000
1626929188259000,0,60.00000000,15.3100
1626929237588000,1,28.35593000,15.3100
1626929259507000,0,10.51420000,15.3100
1626929277536000,1,10.51420000,15.3100
1626929277614000,1,17.69883000,15.3100
1626929277713000,1,0.00000553,15.3100
1626929367012000,1,27.33041000,15.3400
1626929367226000,1,0.00000010,15.3400
1626929559691000,1,20.27474806,15.3300
1626929559712000,1,6.64859861,15.3300
1626929670821000,0,6.64850000,15.3100
1626929797563000,1,26.74207091,15.2900
1626929797577000,1,140.00000000,15.2800
1626929797577000,1,66.87245577,15.2800
1626929797577000,1,87.79000000,15.2800
1626929797577000,1,176.85700000,15.2800
1626929797577000,1,173.81891422,15.2800
1626929797577000,1,150.46344516,15.2700
1626929797577000,1,66.01178781,15.2700
1626929797577000,1,327.14749219,15.2700
1626929797577000,1,1030.55890485,15.2700
1626929798332000,0,26.74207000,15.2900
1626929798786000,1,14.80232326,15.3000
1626929799099000,1,65.26143790,15.3000
1626929799104000,1,15.99979650,15.3000
1626929799266000,0,65.47354669,15.3100
1626929811588000,1,54.93780000,15.2900
1626929832781000,1,1.70040000,15.2700
1626929832970000,1,2.02240000,15.2700
1626929834325000,1,3.88730000,15.2700
1626929837269000,1,18.09060000,15.2700
1626929837274000,1,6.49950000,15.2700
1626929837286000,1,1.88020000,15.2700
1626929837325000,1,1.90290000,15.2700
1626929837331000,1,6.20310000,15.2700
1626929850882000,1,12.00000000,15.2500
1626929880980000,0,68.92840000,15.2800
1626929889034000,1,24.41212962,15.2700
1626929925704000,1,930.92393924,15.2600
1626929987270000,0,158.89404428,15.2800
1626930084501000,1,20.00000000,15.2800
1626930084505000,1,10.79296401,15.2800
1626930084554000,1,24.18085599,15.2800
1626930089545000,0,147.03738049,15.2900
1626930089545000,0,65.45288681,15.2900
1626930089545000,0,190.43966464,15.2900
1626930089545000,0,157.07006806,15.2900
1626930089713000,0,9.77270000,15.2900
1626930089713000,0,1.62030000,15.2900
1626930089725000,0,54.11386722,15.2900
1626930185182000,1,11.39300000,15.2500
1626930185370000,1,21.88944000,15.2500
1626930185370000,1,0.00000116,15.2500
1626930219155000,1,2.66730000,15.2500
1626930219162000,1,1.64810000,15.2500
1626930219188000,1,1.68120000,15.2500
1626930219200000,1,15.51050000,15.2500
1626930219215000,1,0.00000408,15.2500
1626930242899000,0,5.99660000,15.2500
1626930242908000,0,58.61323606,15.2500
1626930382470000,0,14.52558548,15.2500
1626930837100000,1,32.12999999,15.2000
1626930946879000,1,16.00000000,15.1800
1626931157533000,1,148.41459532,15.1400
1626931157623000,1,329.20186795,15.1300
1626931157623000,1,66.34500991,15.1300
1626931228863000,0,16.00000000,15.1500
1626931228899000,0,2.26660000,15.1500
1626931231826000,1,66.19550858,15.1400
1626931231852000,1,12.58711312,15.1400
1626931231853000,1,15.31074098,15.1400
1626931231853000,1,66.19550857,15.1400
1626931440991000,1,2.26660000,15.1500
1626931547915000,0,4.65050000,15.2100
1626931553992000,1,4.65050000,15.2000
1626931554265000,1,20.26695000,15.2000
1626931828875000,0,0.00000400,15.2100
1626931935302000,0,3.48780000,15.2200
1626931935353000,0,0.00007800,15.2200
1626931937049000,0,2.61590000,15.2300
1626931938262000,0,0.00000900,15.2300
1626931938262000,0,65.40779100,15.2400
1626931938348000,0,71.00000000,15.2400
1626931938802000,0,292.87309000,15.2400
1626931938864000,0,234.71911000,15.2400
1626931938890000,0,0.00000900,15.2400
1626931991411000,1,71.51140000,15.2000
1626932274454000,1,1.65960000,15.1400
1626932274464000,1,5.64940000,15.1400
1626932274468000,1,4.36570000,15.1400
1626932274475000,1,12.94976393,15.1400
1626932274475000,1,20.35023607,15.1400
1626932274497000,1,1.64010000,15.1400
1626932274515000,1,1.71550000,15.1400
1626932274526000,1,1.82870000,15.1400
1626932274538000,1,2.12500000,15.1400
1626932283756000,0,18.98400000,15.1400
1626932283928000,0,58.89685000,15.1400
1626932284006000,0,0.00000213,15.1400
1626932298413000,1,24.63490000,15.1500
1626932432321000,1,2.56150000,15.1100
1626932432353000,1,1.62860000,15.1100
1626932553778000,1,1.94590000,15.1300
1626932553824000,1,1.91450000,15.1300
1626932553844000,1,1.71950000,15.1300
1626932553861000,1,11.86760000,15.1300
1626932904682000,0,21.63760000,15.0900
1626933229072000,0,110.80923971,15.0800
1626933229080000,0,84.80114631,15.0800
1626933229080000,0,3.49470837,15.0800
1626933229090000,0,27.58311302,15.0800
1626933229092000,0,27.57945830,15.0800
1626933229104000,0,19.56403153,15.0800
1626933229104000,0,51.17296847,15.0800
1626933229105000,0,41.36233643,15.0800
1626933229107000,0,9.05820000,15.0800
1626933229109000,0,7.09240000,15.0800
1626933229110000,0,3.02890000,15.0800
1626933229110000,0,396.77738986,15.0800
1626933229844000,0,78.08140833,15.1100
1626933229844000,0,60.00000000,15.1100
1626933229844000,0,54.16596652,15.1100
1626933229954000,0,58.61322557,15.1100
1626933229955000,0,24.90000000,15.1100
1626933230257000,0,36.84779366,15.1200
1626933230257000,0,12.14839857,15.1200
1626933230273000,0,41.10739798,15.1200
1626933230279000,0,18.04300109,15.1200
1626933230293000,0,80.14001387,15.1200
1626933230314000,0,6.82130618,15.1200
1626933230314000,0,54.94296911,15.1200
1626933230315000,0,140.00000000,15.1200
1626933230341000,0,23.17727579,15.1200
1626933230351000,0,48.92320511,15.1200
1626933230369000,0,19.69000000,15.1200
1626933230371000,0,134.42167024,15.1200
1626933230401000,0,12.65324593,15.1200
1626933230422000,0,33.57942562,15.1200
1626933230425000,0,12.65606449,15.1200
1626933230433000,0,27.23671321,15.1200
1626933230433000,0,1.11328679,15.1200
1626933230434000,0,76.92987775,15.1200
1626933230965000,0,145.07629464,15.1300
1626933230999000,0,43.66821787,15.1300
1626933231006000,0,6.26272263,15.1300
1626933231006000,0,24.80549524,15.1300
1626933231041000,0,8.20048445,15.1300
1626933231057000,0,44.97937357,15.1300
1626933231384000,0,10.28200000,15.1300
1626933231389000,0,42.91800001,15.1300
1626933231972000,1,201.88094515,15.1100
1626933231974000,1,16.22449129,15.1100
1626933245478000,0,140.00000000,15.1200
1626933245478000,0,58.00000000,15.1200
1626933444161000,1,89.91640000,15.1100
1626933739412000,0,1.96190000,15.1600
1626933745150000,0,0.00003100,15.1600
1626933749638000,0,1.47144900,15.1700
1626933781178000,1,1.96190000,15.1700
1626933915750000,1,22.73160000,15.2000
1626933919783000,0,22.73160000,15.2100
1626934104229000,1,136.20444881,15.2500
1626934104255000,1,60.00000000,15.2600
1626934104264000,1,191.45668207,15.2500
1626934104502000,1,27.17920000,15.2400
1626934104576000,1,1.67875074,15.2400
1626934104884000,1,14.59840000,15.2300
1626934104918000,1,14.25955074,15.2300
1626934104984000,0,27.17920000,15.2300
1626934117895000,1,34.00000000,15.2300
1626934165482000,1,641.43425378,15.2100
1626934657038000,1,560.00000000,15.2700
1626934657038000,1,309.04178000,15.2700
1626934694668000,0,140.00000000,15.2700
1626934694668000,0,98.30905413,15.2700
1626934694668000,0,150.79037015,15.2700
1626934694668000,0,85.33781269,15.2700
1626934694668000,0,64.74132285,15.2700
1626934694668000,0,60.00000000,15.2700
1626934694719000,1,39.73499000,15.2700
1626934694760000,1,0.00000617,15.2700
1626934827148000,0,57.99999999,15.2600
1626934827150000,0,0.00000001,15.2600
1626934918038000,1,60.00000000,15.2200
1626934919827000,1,58.00000000,15.2200
1626935262885000,1,16.30000000,15.2500
1626935347010000,1,15.60000000,15.2600
1626935422707000,1,12.20520000,15.2300
1626935422713000,1,3.78830000,15.2300
1626935422719000,1,1.92650000,15.2300
1626935422741000,1,7.96520000,15.2300
1626935422762000,1,1.72250000,15.2300
1626935422766000,1,3.33460000,15.2300
1626935422773000,1,4.37740000,15.2300
1626935422776000,1,3.67990000,15.2300
1626935544963000,0,54.59960000,15.2700
1626935738746000,1,48.17090000,15.2000
1626935738758000,1,7.11840000,15.2000
1626935742011000,1,3.92520000,15.1900
1626935742022000,1,5.30220000,15.1900
1626935742054000,1,1.98240000,15.1900
1626935773725000,0,66.49910000,15.2200
1626935879496000,1,10.68270000,15.2500
1626935879512000,1,4.25010000,15.2500
1626935910840000,0,14.93280000,15.2600
1626935911146000,0,77.35129187,15.2600
1626935927767000,1,21.87250000,15.2800
1626935927948000,1,0.00001431,15.2800
1626935935146000,1,21.65334000,15.2800
1626935966481000,0,21.87250000,15.3000
1626935966657000,0,77.16349000,15.3000
1626935966715000,0,0.00000423,15.3000
1626936000546000,1,19.97330000,15.2900
1626936001168000,1,0.00001286,15.2900
1626936005804000,0,19.97330000,15.2900
1626936014348000,0,77.10000000,15.3100
1626936027576000,0,71.00000000,15.3400
1626936027791000,0,5.95000000,15.3400
1626936030659000,1,20.75165000,15.3200
1626936034066000,1,4.59670000,15.3100
1626936034077000,1,1.66600000,15.3100
1626936034134000,1,10.25080000,15.3100
1626936034147000,1,5.79830000,15.3100
1626936034149000,1,1.69880000,15.3100
1626936048255000,1,5.26960000,15.2900
1626936048266000,1,4.38270000,15.2900
1626936048277000,1,1.82850000,15.2900
1626936048282000,1,4.07770000,15.2900
1626936048303000,1,3.16220000,15.2900
1626936048345000,1,2.11226624,15.2900
1626936057184000,0,44.84350000,15.3000
1626936057445000,0,77.12471520,15.3000
1626936063761000,1,5.32920000,15.2900
1626936064191000,1,2.49850000,15.2900
1626936064516000,1,1.80790000,15.2900
1626936064904000,1,2.31130000,15.2900
1626936073762000,0,30.25000000,15.3000
1626936105884000,1,2.51150000,15.2700
1626936105914000,1,12.19120000,15.2700
1626936105934000,1,3.45270000,15.2700
1626936105981000,1,1.87230000,15.2700
1626936106005000,1,0.90057744,15.2700
1626936326226000,0,32.87510000,15.3000
1626936531215000,1,23.36056071,15.2300
1626936532093000,1,11.49625668,15.2200
1626936532095000,1,11.49625668,15.2200
1626936564006000,0,98.43198841,15.2500
1626936564006000,0,77.38433206,15.2500
1626936564006000,0,101.82367953,15.2500
1626936564333000,0,193.46000000,15.2500
1626936564368000,0,0.00142029,15.2500
1626936570117000,1,5.73150000,15.2500
1626936570134000,1,2.50300000,15.2500
1626936570139000,1,3.95270000,15.2500
1626936570152000,1,1.69620000,15.2500
1626936570162000,1,2.52490000,15.2500
1626936570167000,1,2.22130000,15.2500
1626936570177000,1,2.85930000,15.2500
1626936570186000,1,1.99951606,15.2500
1626936655851000,0,51.30052493,15.2400
1626936677561000,0,98.58019107,15.2300
1626936677561000,0,193.72872770,15.2300
1626936677561000,0,77.46703872,15.2300
1626936677561000,0,65.64018384,15.2300
1626936677671000,0,98.62578639,15.2300
1626936678941000,0,77.37000000,15.2500
1626936678953000,0,0.00961102,15.2500
1626936736884000,0,21.48890000,15.2800
1626936789012000,1,9.36190000,15.2600
1626936829296000,0,9.36190000,15.2700
1626936868628000,1,25.22676000,15.2700
1626936868731000,1,0.00000345,15.2700
1626937052044000,0,77.17263000,15.2900
1626937086723000,0,65.38073471,15.3100
1626937086723000,0,77.05786815,15.3100
1626937086723000,0,152.42665714,15.3100
1626937086730000,0,40.16264977,15.3100
1626937205708000,1,4.25358600,15.3100
1626937218069000,1,3.19019000,15.3200
1626937227844000,0,1.96000000,15.3400
1626937230598000,0,1.86458916,15.3500
1626937333146000,1,59.27048234,15.3000
1626937333146000,1,36.00000000,15.3000
1626937333146000,1,23.71277332,15.3000
1626937333146000,1,157.50405000,15.3000
1626937334093000,1,23.73230276,15.2900
1626937442079000,1,86.18700000,15.2800
1626937568189000,0,60.00000000,15.3200
1626937568635000,0,36.00000000,15.3200
1626937618719000,1,1.82340000,15.3300
1626937618869000,1,2.12310000,15.3300
1626937657328000,0,3.94650000,15.3700
1626937787554000,1,2.72290000,15.3800
1626937787576000,1,3.17880000,15.3800
1626937787581000,1,1.82750000,15.3800
1626937871139000,0,65.67708332,15.3600
1626937871139000,0,58.56201786,15.3600
1626937871139000,0,64.64899250,15.3600
1626937875414000,1,1.93760000,15.3400
1626937875577000,1,19.24600000,15.3400
1626937875602000,1,3.15920000,15.3400
1626937930445000,0,4.53450520,15.3600
1626938020293000,0,32.07200000,15.3600
1626938020538000,0,32.07200000,15.3600
1626938020665000,0,12.67045309,15.3600
1626938020873000,0,32.07200000,15.3700
1626938021780000,0,197.92000000,15.3700
1626938022196000,0,0.00800000,15.3700
1626938161802000,1,36.00000000,15.4000
1626938161802000,1,27.86460000,15.4000
1626938240241000,0,8.21298701,15.4000
1626938275733000,0,89.30955663,15.4000
1626938275733000,0,110.69044337,15.4000
1626938487862000,1,15.49990000,15.4200
1626938487903000,1,3.78220000,15.4200
1626938487924000,1,1.67570000,15.4200
1626938487954000,1,2.50920000,15.4200
1626938488013000,1,3.41393206,15.4200
1626938565780000,0,26.59350000,15.4500
1626938593610000,1,26.30332000,15.4700
1626938606229000,1,26.14004000,15.4900
1626938609244000,1,105.66400000,15.4800
1626938609987000,1,8.61540000,15.4800
1626938609990000,1,606.52970000,15.4800
1626938627585000,1,27.15680000,15.4700
1626938627623000,1,0.00008135,15.4700
1626938673901000,0,97.10760000,15.4700
1626938725059000,0,0.00008963,15.4700
1626938763961000,0,17.17180000,15.4800
1626938790704000,1,6.20850000,15.4700
1626938790711000,1,1.66080000,15.4700
1626938790728000,1,2.20480000,15.4700
1626938805130000,0,10.07410000,15.4800
1626938893355000,1,17.52290000,15.4700
1626938893368000,1,3.91850000,15.4700
1626938893379000,1,5.38740000,15.4700
1626938893419000,1,0.00006136,15.4700
1626938937710000,0,26.82880000,15.4800
1626938937910000,0,70.15701058,15.4800
1626938996856000,1,1.62630000,15.4800
1626938996896000,1,2.50540000,15.4800
1626938996908000,1,1.89100000,15.4800
1626938996946000,1,1.97330000,15.4800
1626938997012000,1,1.94570000,15.4800
1626939016378000,1,2.47470000,15.4700
1626939016402000,1,1.62420000,15.4700
1626939016523000,1,8.87490000,15.4700
1626939103763000,1,12.93100000,15.4500
1626939103765000,1,2.31580000,15.4500
1626939197930000,0,38.16230000,15.4300
1626939468336000,1,16.13650000,15.4100
1626939702702000,0,97.47290000,15.4000
1626939878956000,0,65.03818000,15.3900
1626939987087000,0,16.13650000,15.3300
1626939990273000,0,60.78472000,15.3300
1626940051034000,1,18.07150000,15.3300
1626940099994000,0,18.07150000,15.3400
1626940100203000,0,58.82925000,15.3400
1626940100248000,0,0.00000678,15.3400
1626940146005000,0,76.84000000,15.3500
1626940178750000,1,23.55570000,15.3400
1626940178807000,1,0.00008550,15.3400
1626940233928000,1,60.00000000,15.3100
1626940263258000,1,17.16524041,15.2900
1626940263267000,1,5.61951786,15.2900
1626940338678000,1,21.55702000,15.2700
1626940402734000,0,2.34628570,15.2800
1626940423101000,1,3.27130000,15.2600
1626940423111000,1,2.18880000,15.2600
1626940423114000,1,16.01610000,15.2600
1626940440730000,0,5.46010000,15.2600
1626940440967000,0,71.79000000,15.2600
1626940440989000,0,0.00765790,15.2600
1626940444420000,0,77.23355000,15.2700
1626940444471000,0,0.00000493,15.2700
1626940455057000,1,42.00000000,15.2600
1626940455057000,1,22.14020074,15.2600
1626940516525000,1,15.69520000,15.2700
1626940530528000,0,193.18326239,15.2700
1626940530528000,0,77.27026653,15.2700
1626940530528000,0,65.55836070,15.2700
1626940530528000,0,223.98811038,15.2700
1626940530611000,0,560.00000000,15.2700
1626940530683000,0,15.69520000,15.2600
1626940530775000,0,61.58907264,15.2600
1626940530775000,0,193.21068160,15.2600
1626940530775000,0,502.30685436,15.2700
1626940531123000,0,35.05910000,15.2700
1626940531257000,0,3.24120000,15.2700
1626940531260000,0,38.94447834,15.2700
1626940531260000,0,6.63112166,15.2700
1626940531273000,0,186.48082418,15.2700
1626940585523000,1,34.79850000,15.3000
1626940585532000,1,0.00000647,15.3000
1626940703461000,0,1.40776510,15.3200
1626940733693000,1,33.31736000,15.3100
1626940876739000,1,32.59759365,15.3000
1626940888768000,1,10.55940000,15.2800
1626940888786000,1,21.89682270,15.2800
1626940933042000,1,18.82210000,15.2800
1626940933436000,1,12.45918000,15.2800
1626941045660000,1,2.06580000,15.2800
1626941045710000,1,9.87420000,15.2800
1626941045716000,1,2.46550000,15.2800
1626941045726000,1,1.87680000,15.2800
1626941060292000,1,1.94860000,15.2700
1626941060304000,1,6.74860000,15.2700
1626941060344000,1,1.12598271,15.2700
1626941455090000,0,26.10540000,15.3000
1626941468517000,0,8.55670000,15.3100
1626941469883000,0,76.87000000,15.3200
1626941521748000,1,23.93101000,15.3300
1626941586501000,1,8.55670000,15.3200
1626941633591000,0,21.79000000,15.3500
1626941633611000,0,10.90000000,15.3500
1626941633638000,0,21.79000000,15.3500
1626941633742000,0,22.24701577,15.3500
1626941717454000,1,24.37576000,15.4100
1626941717605000,1,0.00000076,15.4100
1626941741062000,1,24.17575000,15.4600
1626941748067000,1,60.43882068,15.4400
1626941748067000,1,24.17575993,15.4400
1626941748067000,1,156.48011939,15.4400
1626941759899000,1,23.24083000,15.4500
1626941765667000,1,23.20373000,15.4400
1626941786198000,1,23.00043000,15.4300
1626941791433000,1,2.83230000,15.4200
1626941791464000,1,20.16813093,15.4200
1626941805885000,0,2.83230000,15.4300
1626941817172000,0,2.44310000,15.4400
1626941817184000,0,2.72290000,15.4400
1626941817185000,0,1.74820000,15.4400
1626941817214000,0,2.51760000,15.4400
1626941817239000,0,3.74820000,15.4400
1626941817255000,0,2.18470000,15.4400
1626941834784000,0,60.00000000,15.4600
1626941834919000,0,11.00000000,15.4600
1626941862426000,1,26.24633000,15.4500
1626942015638000,1,26.09140000,15.4600
1626942053924000,0,10.72670000,15.4600
1626942102948000,1,6.21410000,15.4400
1626942103027000,1,15.35980000,15.4400
1626942103034000,1,8.54580000,15.4400
1626942118201000,1,5.86470000,15.4200
1626942118204000,1,2.79330000,15.4200
1626942118220000,1,1.79500000,15.4200
1626942118237000,1,2.02420000,15.4200
1626942118252000,1,1.67440000,15.4200
1626942118273000,1,2.48170000,15.4200
1626942118334000,1,3.14230000,15.4200
1626942190534000,0,49.89530000,15.4400
1626942211993000,1,24.14690000,15.4500
1626942222991000,1,2.47120000,15.4400
1626942223163000,1,21.67572000,15.4400
1626942231403000,0,2.47120000,15.4600
1626942283469000,1,2.57880000,15.4700
1626942393014000,1,5.49980000,15.4700
1626942393061000,1,2.22870000,15.4700
1626942393074000,1,4.03910000,15.4700
1626942393097000,1,1.73880000,15.4700
1626942393322000,1,10.96241000,15.4700
1626942492167000,1,27.19534000,15.5300
1626942492227000,1,0.00000438,15.5300
1626942543396000,0,16.08520000,15.5300
1626942607104000,1,25.27763000,15.5300
1626942697802000,1,23.48927916,15.4900
1626942697802000,1,58.72772084,15.4900
1626942697802000,1,0.00016749,15.4900
1626942698895000,1,23.50360000,15.4800
1626942728587000,1,23.76110000,15.4700
1626942763695000,1,26.22370000,15.4800
1626942875390000,1,26.07370000,15.4900
1626942875456000,1,0.00008266,15.4900
1626942875456000,1,209.99991734,15.4900
1626942876412000,1,0.00008266,15.4900
1626942890270000,1,14.80750000,15.4600
1626942890338000,1,2.97290000,15.4600
1626942890373000,1,4.81600000,15.4600
1626942898596000,1,60.00000000,15.4600
1626943126138000,0,22.59640000,15.4800
1626943144471000,0,60.00000000,15.4800
1626943207440000,1,25.67542000,15.4900
1626943207819000,1,0.00000376,15.4900
1626943498147000,0,38.00000000,15.4800
1626943739000000,0,2.25226390,15.4600
1626944069305000,1,22.39130000,15.4700
1626944507765000,1,38.93650000,15.4400
1626944507781000,1,3.81900000,15.4400
1626944560411000,0,32.41140000,15.4400
1626944644217000,0,32.46671000,15.4200
1626944654358000,0,0.00000087,15.4200
1626944654358000,0,10.34409913,15.4200
1626944654457000,0,22.12261174,15.4200
1626944654567000,1,10.34409826,15.4200
1626944895696000,1,23.54080000,15.4000
1626944912763000,0,23.54090000,15.4000
1626945136062000,0,32.57970000,15.3600
1626945389934000,1,2.03060000,15.3800
1626945389946000,1,1.60470000,15.3800
1626945389987000,1,1.67300000,15.3800
1626945680663000,1,36.13230000,15.3800
1626945739964000,0,7.47740000,15.4000
1626945831360000,1,15.70000000,15.4300
1626946088864000,0,6.88254000,15.4700
1626946090841000,0,7.43624000,15.4700
1626946136926000,1,15.90000000,15.4700
1626946140312000,0,60.00000000,15.4700
1626946209313000,0,76.21388352,15.4700
1626946209313000,0,190.52733851,15.4700
1626946209313000,0,140.00000000,15.4700
1626946209313000,0,157.62138986,15.4800
1626946209313000,0,182.87946900,15.4800
1626946335523000,1,2.84340000,15.4400
1626946335536000,1,1.95500000,15.4400
1626946335600000,1,2.72070000,15.4400
1626946335901000,1,6.65350000,15.4400
1626946335968000,1,2.99850000,15.4400
1626946336546000,1,17.83410000,15.4400
1626946336639000,1,5.18360000,15.4400
1626946336680000,1,3.18880000,15.4400
1626946336696000,1,3.91160000,15.4400
1626946336704000,1,149.40854602,15.4400
1626946341295000,1,60.00000000,15.4200
1626946367974000,1,755.00060000,15.3900
1626946378678000,1,0.00004977,15.3900
1626946388630000,0,88.72980000,15.3700
1626946395122000,1,58.00000000,15.3700
1626946409602000,0,7.66870000,15.3800
1626946450623000,1,25.05660000,15.3500
1626946476254000,1,159.30626010,15.3200
1626946476254000,1,24.52163990,15.3200
1626946478818000,1,203.45087000,15.3000
1626946478874000,1,380.54913000,15.3000
1626946478874000,1,24.57526000,15.3000
1626946485868000,1,22.61720000,15.2900
1626946486859000,1,147.01602590,15.2800
1626946486859000,1,56.55651420,15.2800
1626946486859000,1,22.63951990,15.2800
1626946490922000,0,77.13183000,15.2800
1626946498153000,0,71.00000000,15.2900
1626946523019000,1,15.40000000,15.2800
1626946552900000,0,77.33579000,15.2500
1626946564470000,1,21.86310000,15.2300
1626946575244000,0,77.46000000,15.2200
1626946575278000,0,0.00895515,15.2200
1626946578705000,1,16.20000000,15.2100
1626946579550000,1,1.77390000,15.2100
1626946581384000,0,77.46590066,15.2200
1626946581384000,0,135.65068199,15.2200
1626946581977000,1,0.00007700,15.2100
1626946581977000,1,21.40262300,15.2100
1626946581995000,1,0.00004915,15.2100
1626946586405000,1,1.72550000,15.2100
1626946586635000,1,0.00000200,15.2100
1626946588138000,1,15.40000000,15.2000
1626946605956000,1,22.09829000,15.1900
1626946607504000,0,11.59550000,15.2000
1626946610212000,0,77.54218000,15.2100
1626946610220000,0,0.00000390,15.2100
1626946612064000,0,2.08290000,15.2200
1626946612073000,0,1.73630000,15.2200
1626946612080000,0,2.62510000,15.2200
1626946630558000,0,124.67462000,15.2200
1626946634692000,1,16.10000000,15.2000
1626946640015000,1,1.93980000,15.1800
1626946649513000,1,11.49425287,15.1700
1626946669599000,0,77.57509950,15.2000
1626946669599000,0,193.93268050,15.2000
1626946671754000,0,3.52870000,15.2100
1626946671768000,0,12.25810000,15.2100
1626946671785000,0,2.55110000,15.2100
1626946671789000,0,4.45530000,15.2100
1626946671819000,0,1.87410000,15.2100
1626946671831000,0,9.20620000,15.2100
1626946671850000,0,2.79470000,15.2100
1626946671861000,0,2.58640000,15.2100
1626946671878000,0,3.32660000,15.2100
1626946671896000,0,34.96532146,15.2100
1626946673007000,0,75.92366903,15.2200
1626946674185000,1,15.40000000,15.2100
1626946677752000,1,15.70000000,15.2000
1626946715101000,1,27.18120000,15.1700
1626946717252000,1,145.29878000,15.1600
1626946740154000,1,15.62207026,15.1400
1626946740579000,1,3.68188512,15.1400
1626946746118000,0,32.20971269,15.1500
1626946759807000,1,15.60000000,15.1400
1626946782665000,1,15.50000000,15.1600
1626946801426000,1,25.04195000,15.1600
1626946861727000,1,16.29999999,15.1700
1626946861766000,1,0.00000001,15.1700
1626946862372000,1,16.40000000,15.1600
1626946878994000,1,16.20000000,15.1600
1626946927855000,1,24.94898000,15.1400
1626946927890000,1,0.00000694,15.1400
1626946955228000,1,61.77169000,15.1300
1626946973733000,1,0.00000110,15.1300
1626946993370000,1,24.42302000,15.1100
1626947064047000,1,8.00000000,15.1000
1626947071881000,0,2.52510000,15.1300
1626947137727000,0,29.07000000,15.1200
1626947137763000,0,29.60105742,15.1200
1626947242867000,0,1.95940000,15.1800
1626947242868000,0,0.00002400,15.1800
1626947253356000,1,140.00000000,15.1900
1626947253356000,1,10.00000000,15.1900
1626947272890000,0,1.44017664,15.2200
1626947278845000,1,140.00000000,15.2200
1626947278845000,1,16.20000000,15.2200
1626947307604000,1,24.72686518,15.2100
1626947359617000,1,2.52510000,15.1900
1626947372752000,1,24.25989000,15.1800
1626947376455000,1,24.26525000,15.1700
1626947402273000,0,3.34000000,15.1600
1626947475614000,1,26.10380000,15.2000
1626947475738000,1,0.00006958,15.2000
1626947873947000,1,25.55970386,15.2200
1626947940389000,1,25.58085000,15.2500
1626947940653000,1,0.00000613,15.2500
1626947954867000,1,25.47432000,15.2300
1626947956917000,1,3.33400000,15.2200
1626947957013000,1,2.83200000,15.2200
1626947957237000,1,2.76440000,15.2200
1626947957271000,1,2.24860000,15.2200
1626948009286000,1,1.73890000,15.1900
1626948009292000,1,23.58700000,15.1900
1626948009360000,1,0.00003879,15.1900
1626948036602000,0,12.91790000,15.2200
1626948062812000,1,16.30000000,15.2400
1626948076349000,1,24.43614000,15.2400
1626948091060000,1,25.08640000,15.2400
1626948252686000,1,24.60767000,15.2100
1626948299678000,1,15.60000000,15.2100
1626948443085000,1,24.21098000,15.2300
1626948489570000,0,77.15000000,15.2900
1626948495957000,0,35.04000000,15.3000
1626948497638000,0,77.04200000,15.3100
1626948509819000,1,140.00000000,15.3200
1626948509819000,1,25.44810000,15.3200
1626948509930000,1,0.00000810,15.3200
1626948510086000,0,63.61061190,15.3200
1626948511665000,1,76.38938000,15.3200
1626948512629000,1,25.44810810,15.3100
1626948515687000,1,140.00000000,15.3000
1626948547869000,1,140.00000000,15.3100
1626948562714000,1,15.30000000,15.3000
1626948637497000,1,7.35830000,15.2700
1626948637505000,1,17.18080000,15.2700
1626948660527000,0,7.35830000,15.2800
1626948944676000,1,24.32730000,15.2500
1626948970842000,1,24.18599000,15.2600
1626948985662000,0,77.22000000,15.2600
1626948985673000,0,0.00757799,15.2600
1626948990420000,1,23.51610000,15.2600
1626949006413000,1,23.29704000,15.2400
1626949014272000,1,23.31526000,15.2300
1626949036428000,1,23.33340000,15.2400
1626949036766000,1,0.00000767,15.2400
1626949115828000,1,16.75600000,15.2500
1626949143704000,1,23.26579876,15.2500
1626949143704000,1,8.17899124,15.2500
1626949159654000,1,0.00000876,15.2500
1626949172140000,1,6.47700000,15.2400
1626949205044000,1,5.75200000,15.2400
1626949212973000,1,5.55400000,15.2300
1626949237005000,1,23.19294000,15.2200
1626949268156000,1,23.07819000,15.2200
1626949288828000,0,2.06580000,15.2200
1626949288856000,0,4.09210000,15.2200
1626949288865000,0,2.02230000,15.2200
1626949288869000,0,1.97540000,15.2200
1626949288902000,0,3.47100000,15.2200
1626949353539000,1,13.62660000,15.2400
1626949353547000,1,9.36111180,15.2400
1626949355170000,1,22.88873000,15.2300
1626949383497000,1,22.68260000,15.2200
1626949384862000,0,60.00000000,15.2200
1626949384993000,0,11.00000000,15.2200
1626949395073000,1,15.60000000,15.2000
1626949395073000,1,56.46387661,15.2000
1626949395073000,1,22.58966339,15.2000
1626949405895000,0,63.79919794,15.1900
1626949427082000,1,22.15316000,15.1900
1626949463770000,1,24.00809000,15.2000
1626949498150000,1,6.58327847,15.1900
1626949498150000,1,23.89778153,15.1900
1626949667540000,1,16.00000000,15.2000
1626949667540000,1,23.93919694,15.2000
1626949667540000,1,140.00000000,15.2000
1626949667540000,1,8.94889674,15.2000
1626949690430000,1,15.90000000,15.2100
1626949699680000,0,140.00000000,15.2100
1626949748816000,1,23.58731806,15.2200
1626949748816000,1,15.99999194,15.2200
1626949749088000,1,0.00000806,15.2200
1626949800673000,0,23.48976110,15.2100
1626949804924000,0,77.41000000,15.2200
1626949804947000,0,0.00600192,15.2200
1626949813539000,1,23.34099000,15.2300
1626949822925000,1,23.61160000,15.2300
1626949866928000,1,16.20000000,15.2300
1626949993744000,1,16.10000000,15.2200
1626950041166000,0,77.47000000,15.2100
1626950041260000,0,0.00125692,15.2100
1626950090790000,0,49.09000000,15.2300
1626950090868000,0,103.33545536,15.2300
1626950100659000,1,24.40368000,15.2300
1626950100899000,1,0.00000279,15.2300
1626950171431000,1,24.29985000,15.2200
1626950233744000,1,24.03681175,15.2200
1626950233744000,1,60.08352825,15.2200
1626950245661000,1,24.04502504,15.2100
1626950270226000,0,190.00000000,15.2200
1626950270229000,0,140.00000000,15.2200
1626950273237000,0,140.00000000,15.2200
1626950276772000,0,140.00000000,15.2200
1626950276772000,0,60.00000000,15.2200
1626950278241000,0,140.00000000,15.2200
1626950366675000,1,23.43726000,15.2600
1626950367236000,0,34.00000000,15.2600
1626950425635000,1,23.30357000,15.2700
1626950550298000,0,77.12000000,15.2900
1626950550304000,0,0.00036694,15.2900
1626950610955000,1,22.97060000,15.3100
1626950644076000,1,22.84443000,15.3200
1626950653835000,0,76.91000000,15.3300
1626950653847000,0,0.00356699,15.3300
1626950711672000,1,23.08350000,15.3400
1626950711680000,1,0.00007450,15.3400
1626950712802000,1,57.70001430,15.3300
1626950712802000,1,23.08959447,15.3300
1626950748088000,1,21.93811000,15.3300
1626950822807000,1,64.09481435,15.3400
1626950822807000,1,25.64478565,15.3400
1626950822809000,1,0.00001976,15.3400
1626950856597000,1,15.40000000,15.3400
1626951000626000,1,24.93994906,15.4200
1626951000626000,1,62.35013094,15.4200
1626951000694000,1,0.00001414,15.4200
1626951000694000,1,162.13068469,15.4200
1626951002668000,1,24.93994000,15.4100
1626951031472000,0,2.46050000,15.4200
1626951031504000,0,3.77990000,15.4200
1626951031505000,0,1.72960000,15.4200
1626951031530000,0,68.49637946,15.4200
1626951110550000,1,23.77788000,15.4300
1626951162485000,1,22.81684000,15.4300
1626951188424000,0,76.35000000,15.4400
1626951227213000,0,1.79710000,15.4300
1626951237110000,1,22.29901000,15.4300
1626951237147000,1,0.00000162,15.4300
1626951426325000,1,60.00000000,15.3800
1626951458570000,1,23.56009218,15.3700
1626951458570000,1,58.63560782,15.3700
1626951536373000,1,9.76710000,15.3700
1626951536398000,1,13.28030000,15.3700
1626951536400000,1,0.00008692,15.3700
1626951540702000,1,258.54991000,15.3500
1626951540761000,1,240.00000000,15.3500
1626951541047000,1,574.40009000,15.3500
1626951556780000,1,20.87762770,15.3500
1626951556839000,1,0.00000001,15.3500
1626951557654000,1,52.19814841,15.3400
1626951557654000,1,20.87761159,15.3400
1626951644278000,1,15.80000000,15.3500
1626951654522000,1,2.48655913,15.3300
1626951941033000,1,23.10353000,15.3300
1626951973266000,1,23.03342129,15.2900
1626951973266000,1,140.00000000,15.2900
1626951974537000,1,1.64610000,15.2800
1626951974665000,1,440.35390000,15.2800
1626951974665000,1,23.06867000,15.2800
1626951974724000,1,0.00000837,15.2800
1626951997759000,0,1.64610000,15.2700
1626951997779000,0,75.52490000,15.2700
1626952001347000,0,77.15994740,15.2800
1626952020966000,0,77.17106000,15.2700
1626952077451000,0,77.06484000,15.3000
1626952077555000,0,0.00000140,15.3000
1626952206373000,0,24.29000000,15.3400
1626952206380000,0,0.00065000,15.3400
1626952236147000,1,2.67640000,15.3100
1626952308887000,1,15.90000000,15.2900
1626952358226000,1,23.74819000,15.2400
1626952394937000,1,23.63445896,15.2400
1626952394937000,1,59.08629104,15.2400
1626952457478000,0,2.67580000,15.2100
1626952457638000,0,74.83850000,15.2100
1626952457639000,0,0.00000557,15.2100
1626952522433000,0,396.00000000,15.2100
1626952586894000,1,374.00000000,15.1900
1626952586894000,1,24.70566118,15.1900
1626952646521000,1,15.60000000,15.1900
1626952646521000,1,24.59610000,15.1900
1626952670445000,0,77.64046254,15.1800
1626952717938000,0,77.55425000,15.2000
1626952796840000,0,329.45595865,15.1900
1626952796840000,0,230.54404135,15.1900
1626952976913000,1,1.88660000,15.1700
1626952976914000,1,3.53800000,15.1700
1626952976948000,1,3.20650000,15.1700
1626952976953000,1,2.00370000,15.1700
1626952976961000,1,14.08110000,15.1700
1626952977010000,1,0.00004479,15.1700
1626953010192000,1,5.57000000,15.1500
1626953010193000,1,2.03010000,15.1500
1626953010206000,1,7.50640000,15.1500
1626953083635000,1,24.44380000,15.1600
1626953101674000,0,25.74130000,15.1600
1626953107478000,0,77.39060000,15.1700
1626953109511000,0,75.94804000,15.1700
1626953199605000,0,71.00000000,15.1900
1626953281121000,0,560.00000000,15.2000
1626953298143000,1,15.70000000,15.2200
1626953300666000,1,560.00000000,15.2100
1626953300739000,1,20.00000000,15.2100
1626953393084000,1,24.77392998,15.1900
1626953393084000,1,75.75545062,15.1900
1626953395435000,1,54.00000000,15.1900
1626953395435000,1,21.39703545,15.1800
1626953462859000,0,1.74883254,15.2400
1626953593463000,1,16.00000000,15.2300
1626953599704000,0,42.67760998,15.2300
1626953662985000,1,24.32860000,15.2100
1626953718190000,0,77.51410000,15.2200
1626953822159000,0,60.00000000,15.2400
1626953895179000,1,23.56014363,15.2600
1626953895179000,1,16.20000000,15.2600
1626953895179000,1,59.54005637,15.2600
1626954118615000,0,3.13580000,15.3100
1626954118807000,0,1.61190000,15.3100
1626954191149000,1,15.60000000,15.3000
1626954328214000,1,4.74770000,15.2700
1626954339817000,1,24.84610000,15.2600
1626954536271000,1,12.52160000,15.2900
1626954536938000,1,2.77840000,15.2900
1626954542830000,0,15.17690000,15.2900
1626954542963000,0,6.85550000,15.2900
1626954542981000,0,55.17136665,15.2900
1626954639733000,0,77.18557479,15.2900
1626954642156000,0,75.65012000,15.3000
1626954705788000,0,77.24316993,15.2800
1626954781347000,1,9.51080000,15.3000
1626954781384000,1,14.70450700,15.3000
1626954803625000,1,24.25368000,15.2900
1626954866861000,1,23.42520000,15.2800
1626954908123000,1,15.80000000,15.2600
1626955002883000,0,7.41170000,15.2700
1626955014729000,1,7.41170000,15.2700
1626955033636000,1,8.38830000,15.2700
1626955209903000,1,16.20000000,15.2900
1626955216394000,1,15.50000000,15.2800
1626955226344000,1,15.90000000,15.2700
1626955235240000,1,1.66090000,15.2600
1626955235292000,1,3.98350000,15.2600
1626955235298000,1,1.99230000,15.2600
1626955235338000,1,5.85810000,15.2600
1626955264882000,0,13.49480000,15.2800
1626955324553000,1,18.84925886,15.2600
1626955327024000,1,4.71231472,15.2500
1626955336668000,1,2.91750000,15.2500
1626955336739000,1,4.00400000,15.2500
1626955336789000,1,1.88040000,15.2500
1626955336841000,1,3.02500000,15.2500
1626955359165000,1,60.00000000,15.2600
1626955372050000,1,8.00000000,15.2600
1626955620922000,0,11.82690000,15.2400
1626955754077000,0,1.76060000,15.2400
1626955754084000,0,4.48520000,15.2400
1626955754104000,0,3.34950000,15.2400
1626955754140000,0,2.46950000,15.2400
1626955781549000,0,2.03020000,15.2600
1626955781616000,0,13.04090000,15.2600
1626955781656000,0,3.76740000,15.2600
1626955982653000,0,77.05463000,15.2900
1626955982709000,0,0.00000587,15.2900
1626955986880000,1,15.50000000,15.2800
1626956054155000,1,15.80000000,15.2500
1626956054155000,1,15.10330000,15.2500
1626956305985000,1,16.00000000,15.1700
1626956362308000,0,7.05230000,15.1900
1626956362358000,0,3.88990000,15.1900
1626956362473000,0,4.14420000,15.1900
1626956362560000,0,1.83180000,15.1900
1626956362588000,0,1.86230000,15.1900
1626956362623000,0,426.92187221,15.1900
1626956544390000,1,18.78050000,15.1800
1626956544966000,1,15.70000000,15.1800
1626956562855000,1,6.11090000,15.1600
1626956762751000,1,15.50000000,15.1000
1626956762751000,1,6.95330000,15.1000
1626956762764000,1,6.94700000,15.1000
1626956764586000,1,4.24760000,15.0800
1626956764588000,1,1.82500000,15.0800
1626956773013000,1,15.60000000,15.0500
1626956776654000,1,16.50000000,15.0300
1626956777266000,1,61.81344101,15.0200
1626956777266000,1,24.73095899,15.0200
1626956783435000,0,41.58380000,15.0200
1626956783525000,0,36.84880000,15.0200
1626956783541000,0,0.00007276,15.0200
1626956783705000,0,3.45640000,15.0300
1626956783823000,0,47.43384067,15.0300
1626956783860000,0,44.16529897,15.0300
1626956783919000,0,101.00536080,15.0300
1626956783919000,0,44.16523920,15.0300
1626956818154000,1,3.45640000,15.0400
1626956818236000,1,2.18830000,15.0400
1626956818239000,1,4.28180000,15.0400
1626956818242000,1,14.71005893,15.0400
1626956818242000,1,15.70000000,15.0400
1626956830210000,1,2.21990000,15.0300
1626956830324000,1,21.81325000,15.0300
1626956841939000,1,24.02326000,14.9800
1626956848848000,0,78.56270000,15.0000
1626956851967000,0,78.54005000,15.0000
1626956852005000,0,0.00000285,15.0000
1626956852005000,0,30.75259715,15.0000
1626956853220000,0,3.65750000,15.0100
1626956853268000,0,74.84904644,15.0100
1626956853268000,0,166.26704356,15.0100
1626956853271000,0,1.61100000,15.0100
1626956853277000,0,2.18550000,15.0100
1626956853299000,0,2.25320000,15.0100
1626956853314000,0,1.63150000,15.0100
1626956853322000,0,6.80680000,15.0100
1626956853341000,0,15.50620440,15.0100
1626956860337000,1,16.60000000,15.0000
1626956869189000,0,78.45006000,15.0200
1626956869286000,0,0.00000917,15.0200
1626956879265000,1,15.60000000,15.0000
1626956884731000,0,7.33600000,15.0000
1626956905172000,1,23.60800000,15.0200
1626956915058000,1,5.27800000,15.0300
1626956916174000,1,3.85900000,15.0200
1626956940521000,1,27.76340000,15.0000
1626956940534000,1,0.00004226,15.0000
1626956963980000,1,27.64819793,14.9800
1626956963980000,1,0.00000001,14.9800
1626956966246000,1,16.40000000,14.9700
1626956966246000,1,27.64819794,14.9700
1626956966246000,1,140.00000000,14.9700
1626956966246000,1,217.21150033,14.9600
1626956974485000,1,27.38433291,14.9800
1626956974485000,1,16.50000000,14.9700
1626956974485000,1,178.05283386,14.9700
1626956974485000,1,140.00000000,14.9700
1626956974485000,1,28.82433026,14.9700
1626956982705000,1,151.67029844,14.9700
1626956982705000,1,16.10000000,14.9700
1626956982705000,1,176.85700000,14.9700
1626956982705000,1,140.00000000,14.9700
1626956982705000,1,75.61356075,14.9700
1626956990918000,1,25.97147414,14.9800
1626956990918000,1,64.92906219,14.9800
1626956990918000,1,176.85700000,14.9800
1626956990918000,1,15.60000000,14.9700
1626956990918000,1,140.00000000,14.9700
1626956990918000,1,130.84152991,14.9700
1626957001802000,1,25.50890521,14.9900
1626957001806000,1,0.00000001,14.9900
1626957021770000,1,25.20330000,15.0200
1626957155945000,1,24.34230000,15.0200
1626957169640000,0,1.87060000,15.0400
1626957169649000,0,3.06020000,15.0400
1626957169733000,0,16.15170000,15.0400
1626957169742000,0,2.37450000,15.0400
1626957169766000,0,3.36750000,15.0400
1626957169784000,0,6.79160000,15.0400
1626957169792000,0,122.65087378,15.0400
1626957169792000,0,158.14685661,15.0400
1626957169792000,0,63.71213615,15.0400
1626957180751000,1,25.26369000,15.0600
1626957180762000,1,0.00000355,15.0600
1626957181688000,1,33.61610000,15.0500
1626957210091000,1,24.99160000,15.0700
1626957210105000,1,0.00005804,15.0700
1626957222261000,0,2.32339870,15.0800
1626957234013000,1,24.87166000,15.0700
1626957259706000,0,1.78990000,15.0800
1626957261064000,0,0.00006600,15.0800
1626957261064000,0,23.20163400,15.0900
1626957284197000,0,205.25218824,15.1100
1626957284197000,0,153.31864566,15.1100
1626957284197000,0,201.42916610,15.1100
1626957302072000,1,24.64655389,15.1200
1626957325888000,0,3.18720000,15.1300
1626957325936000,0,1.68120000,15.1300
1626957325952000,0,2.47590000,15.1300
1626957326004000,0,70.61132851,15.1300
1626957333265000,0,58.80000000,15.1400
1626957333270000,0,1.20000000,15.1400
1626957336133000,1,3.04400000,15.1400
1626957338067000,1,3.04400000,15.1300
1626957362026000,1,62.23595121,15.1300
1626957362026000,1,24.89426879,15.1300
1626957413500000,0,2.60680000,15.1400
1626957413534000,0,5.04550000,15.1400
1626957413547000,0,1.65080000,15.1400
1626957413578000,0,3.44170000,15.1400
1626957413583000,0,2.10970000,15.1400
1626957413583000,0,63.04411193,15.1400
1626957421623000,1,24.44802000,15.1400
1626957424609000,1,16.11080000,15.1300
1626957464280000,0,58.00000000,15.1600
1626957494363000,0,77.64791000,15.1900
1626957504008000,1,57.53375000,15.2100
1626957531140000,0,77.58180229,15.2100
1626957531140000,0,477.99999771,15.2100
1626957603324000,1,16.20000000,15.2700
1626957608591000,0,16.20000000,15.2700
1626957617920000,1,15.70000000,15.2600
1626957636992000,0,77.27290000,15.2600
1626957667440000,0,77.20510000,15.2700
1626957677435000,0,77.20611000,15.2700
1626957693123000,0,255.01000000,15.3100
1626957693214000,0,293.65990000,15.3100
1626957693223000,0,21.33010000,15.3100
1626957698813000,1,24.61430000,15.3100
1626957707464000,1,24.50670505,15.3100
1626957707464000,1,15.99999495,15.3100
1626957707472000,1,0.00000505,15.3100
1626957712785000,1,15.70000000,15.3000
1626957742345000,0,15.70000000,15.2900
1626957742423000,0,61.40279000,15.2900
1626957742479000,0,0.00000560,15.2900
1626957742892000,0,192.72423464,15.3000
1626957742892000,0,77.07815833,15.3000
1626957747281000,0,89.45874874,15.3100
1626957747285000,0,142.44939155,15.3100
1626957751366000,1,7.83120000,15.3000
1626957751461000,1,12.16740000,15.3000
1626957751468000,1,1.60730000,15.3000
1626957751518000,1,2.42410000,15.3000
1626957751563000,1,3.68403034,15.3000
1626957795179000,0,140.00000000,15.3200
1626957795179000,0,163.37814394,15.3200
1626957795179000,0,77.63425814,15.3200
1626957799425000,0,27.71400000,15.3200
1626957804569000,0,326.60642299,15.3300
1626957804569000,0,140.00000000,15.3300
1626957804569000,0,73.56317909,15.3300
1626957910747000,1,16.10000000,15.3000
1626957959774000,0,3.77766891,15.3000
1626957961463000,0,50.27461145,15.3100
1626957961471000,0,611.72538855,15.3100
1626958008946000,1,16.10000000,15.3400
1626958029437000,1,101.10330000,15.3200
1626958029448000,1,2.62360000,15.3200
1626958029468000,1,1.98240000,15.3200
1626958040578000,0,388.00000000,15.3400
1626958057421000,1,23.75857000,15.3200
1626958072257000,1,23.67041000,15.3000
1626958088875000,0,77.03824211,15.3100
1626958141278000,0,77.23390000,15.2700
1626958141287000,0,0.00005662,15.2700
1626958149246000,1,15.70000000,15.2700
1626958154278000,1,450.00000000,15.2600
1626958154278000,1,16.20000000,15.2600
1626958166220000,1,15.60000000,15.2600
1626958197418000,1,15.40000000,15.2700
1626958220760000,0,28.47540000,15.3000
1626958222147000,0,75.59426000,15.3000
1626958231426000,1,15.50000000,15.3000
1626958234428000,1,15.30000000,15.2900
1626958242404000,1,3.68100000,15.2900
1626958263008000,1,3.64350000,15.2900
1626958263037000,1,2.41560000,15.2900
1626958263146000,1,10.04090000,15.2900
1626958263146000,1,23.74159914,15.2900
1626958264920000,1,1.65490000,15.2800
1626958264941000,1,1.67410000,15.2800
1626958264941000,1,11.52120000,15.2800
1626958266595000,1,4.67880000,15.2800
1626958285007000,1,15.60000000,15.2700
1626958285007000,1,23.66900000,15.2700
1626958322969000,1,23.55317000,15.2600
1626958335303000,1,23.44897000,15.2600
1626958335318000,1,0.00000718,15.2600
1626958357613000,1,327.58016078,15.2500
1626958357613000,1,58.33485116,15.2500
1626958357613000,1,23.33098806,15.2500
1626958402779000,0,77.34710000,15.2500
1626958432319000,0,21.94860000,15.2600
1626958432477000,0,55.37517798,15.2600
1626958563691000,0,77.27266000,15.2600
1626958591642000,1,24.79319000,15.2700
1626958617482000,0,4.13600000,15.2800
1626958634240000,0,4.27000000,15.2900
1626958634284000,0,0.00700000,15.2900
1626958660054000,0,436.00000000,15.3500
1626958660054000,0,21.06415319,15.3500
1626958661634000,1,140.00000000,15.3700
1626958661634000,1,60.00000000,15.3700
1626958661791000,0,140.00000000,15.3700
1626958663774000,1,58.00000000,15.3700
1626958663937000,0,10.91039330,15.3700
1626958672750000,1,42.60000000,15.3700
1626958672750000,1,61.24507976,15.3700
1626958672750000,1,24.49155024,15.3700
1626958676560000,0,140.00000000,15.3900
1626958685600000,1,29.80000000,15.3900
1626958706758000,1,15.80000000,15.4300
1626958706810000,1,29.13992136,15.4300
1626958706810000,1,72.85044864,15.4300
1626958709014000,1,15.80000000,15.4200
1626958714060000,1,2.93290000,15.4200
1626958714071000,1,437.06710000,15.4200
1626958714071000,1,15.40000000,15.4200
1626958732605000,1,4.91210000,15.4400
1626958732611000,1,2.16980000,15.4400
1626958732632000,1,1.61150000,15.4400
1626958732633000,1,1.62660000,15.4400
1626958732656000,1,3.25380000,15.4400
1626958732676000,1,1.62620000,15.4400
1626958737834000,1,28.62329074,15.4400
1626958737834000,1,71.53634926,15.4400
1626958745824000,0,17.09360000,15.4900
1626958745942000,0,1.74880000,15.4900
1626958745945000,0,21.23570000,15.4900
1626958745965000,0,2.19260000,15.4900
1626958746056000,0,60.00000000,15.4900
1626958746166000,0,54.96470000,15.4900
1626958746207000,0,1.85300000,15.4900
1626958746214000,0,3.02450000,15.4900
1626958746215000,0,2.13880000,15.4900
1626958746224000,0,3.94090000,15.4900
1626958746243000,0,2.53600000,15.4900
1626958746278000,0,1.89140000,15.4900
1626958748455000,1,27.68167731,15.4700
1626958748455000,1,15.39992269,15.4700
1626958748457000,1,0.00007731,15.4700
1626958749662000,0,60.00000000,15.4700
1626958749662000,0,179.29933456,15.4800
1626958754193000,1,15.60000000,15.4700
1626958754193000,1,27.69634130,15.4700
1626958754193000,1,69.24163454,15.4700
1626958754193000,1,180.53324416,15.4700
1626958762942000,1,534.00000000,15.4500
1626958800345000,1,15.80000000,15.4500
1626958824614000,1,26.39652000,15.4700
1626958849440000,1,26.12035000,15.4800
1626958883726000,0,140.00000000,15.4900
1626958883726000,0,44.54938670,15.4900
1626958908586000,1,36.64490000,15.4300
1626958954073000,1,560.00000000,15.4100
1626958954167000,1,104.00000000,15.4100
1626959044459000,0,140.00000000,15.3800
1626959044459000,0,95.19331063,15.3800
1626959044459000,0,154.36975829,15.3800
1626959259130000,1,8.05610000,15.3800
1626959259288000,1,7.94390000,15.3800
1626959261409000,0,8.05610000,15.3900
1626959342953000,1,24.38484642,15.4600
1626959342995000,1,0.00000001,15.4600
1626959380548000,1,538.00000000,15.4100
1626959500949000,0,140.00000000,15.4300
1626959500949000,0,324.27674482,15.4300
1626959500949000,0,158.93795518,15.4300
1626959512043000,1,15.60000000,15.4300
1626959529966000,1,16.00000000,15.4300
1626959662783000,1,7.00000000,15.4200
1626959710556000,1,1.60150000,15.4400
1626959710575000,1,2.08610000,15.4400
1626959710586000,1,11.61240000,15.4400
1626959713408000,1,15.90000000,15.4300
1626959718218000,1,24.07620464,15.4200
1626959718218000,1,16.09999536,15.4200
1626959736643000,0,76.57106000,15.4300
1626959795963000,1,60.84934212,15.4100
1626959795963000,1,24.35159788,15.4100
1626959796021000,1,0.00000312,15.4100
1626959805585000,1,16.08270000,15.4100
1626959806260000,1,44.00000000,15.4100
1626959820150000,0,19.77030000,15.4100
1626959833587000,0,5.14400000,15.4200
1626959889972000,1,23.94162000,15.4100
1626959915381000,1,23.82687000,15.4000
1626959966854000,1,23.30829000,15.4000
1626960105838000,1,22.05243000,15.3700
1626960133877000,1,628.00000000,15.3500
1626960133877000,1,21.96361000,15.3500
1626960165917000,0,76.91569427,15.3700
1626960196819000,1,23.59979000,15.3500
1626960196887000,1,0.00000872,15.3500
1626960229309000,1,13.16188044,15.3600
1626960248927000,1,23.28490000,15.3500
1626960249213000,1,0.00007956,15.3500
1626960249213000,1,6.19422044,15.3500
1626960249221000,1,58.22923232,15.3500
1626960250772000,1,12.52360000,15.3400
1626960250995000,1,673.47640000,15.3400
1626960251139000,0,35.82000000,15.3400
1626960251139000,0,0.00860000,15.3400
1626960307956000,1,20.85443182,15.3400
1626960339150000,1,19.45257070,15.3400
1626960339150000,1,48.63132930,15.3400
1626960357407000,0,18.71780000,15.3500
1626960438773000,1,18.65807000,15.3600
1626960567034000,1,18.56946000,15.3600
1626960589010000,0,65.57940000,15.3600
1626960608004000,1,2.09490000,15.3700
1626960619266000,1,282.50439000,15.3500
1626960619324000,1,140.00000000,15.3500
1626960686787000,0,2.09490000,15.3800
1626960725623000,1,14.62700000,15.4000
1626960803957000,0,14.62700000,15.3800
1626960804051000,0,62.25560544,15.3800
1626960845928000,1,1.71200000,15.3700
1626960845945000,1,2.21730000,15.3700
1626961085897000,0,3.92930000,15.3500
1626961409576000,1,1.90190000,15.3200
1626961409591000,1,1.86570000,15.3200
1626961409623000,1,2.16860000,15.3200
1626961409688000,1,7.17890801,15.3200
1626961629272000,0,327.00346708,15.3000
1626961629272000,0,77.23593292,15.3000
1626961629447000,0,0.00012348,15.3000
1626961629447000,0,5.93607652,15.3000
1626961913967000,0,77.13429010,15.3200
1626961949099000,0,77.12727546,15.3200
1626961954758000,1,20.94139000,15.3100
1626961979990000,0,17.45000000,15.3200
1626962045949000,1,2.63770000,15.3100
1626962047091000,1,0.00001000,15.3100
1626962084347000,1,13.40870000,15.3000
1626962084532000,1,195.83923602,15.2900
1626962084532000,1,326.80687038,15.2900
1626962084532000,1,37.35389360,15.2900
1626962084784000,1,49.79870000,15.2900
1626962084960000,1,0.00002099,15.2900
1626962084960000,1,13.40867901,15.2900
1626962085183000,1,141.99110000,15.2900
1626962154427000,0,1.30235602,15.2800
1626962169261000,1,2.34478661,15.2700
1626962330512000,0,2.63780000,15.3000
1626962330600000,0,324.44139967,15.3000
1626962330600000,0,608.00000000,15.3000
1626962330600000,0,187.55860033,15.3000
1626962330769000,0,193.13523052,15.3000
1626962330769000,0,77.22797494,15.3000
1626962330769000,0,289.63679454,15.3000
1626962330939000,0,166.23000000,15.3000
1626962330960000,0,46.13486570,15.3000
1626962443112000,0,60.00000000,15.3200
1626962443192000,0,35.29000000,15.3200
1626962587587000,1,8.25290000,15.2800
1626962587794000,1,0.00002000,15.2800
1626962638421000,1,16.29999999,15.2700
1626962770581000,1,13.00538108,15.2700
1626962770627000,1,3.19461892,15.2700
1626962778233000,1,8.74200511,15.2600
1626962782140000,1,6.85799488,15.2600
1626962782191000,1,0.00000001,15.2600
1626962804543000,0,77.41963489,15.2600
1626962917276000,0,1.96000000,15.2800
1626963015738000,0,2.50960000,15.2900
1626963015905000,0,77.24545932,15.2900
1626963019699000,0,77.19796656,15.2900
1626963019699000,0,1.34021344,15.2900
1626963024028000,0,77.20099000,15.2900
1626963080361000,1,2.50960000,15.2900
1626963296144000,0,77.13468000,15.2900
1626963326543000,0,77.18820000,15.2800
1626963395990000,0,51.14000000,15.3400
1626963396003000,0,141.17222943,15.3400
1626963396003000,0,76.91083947,15.3400
1626963399072000,1,21.16527612,15.3300
1626963399072000,1,32.56232388,15.3300
1626963399340000,1,4.84180000,15.3300
1626963399362000,1,3.33090000,15.3300
1626963399377000,1,4.34610000,15.3300
1626963399397000,1,2.78120000,15.3300
1626963404082000,0,69.02750000,15.3400
1626963407765000,1,22.57721000,15.3400
1626963482761000,1,16.10000000,15.3500
1626963526332000,0,16.10000000,15.3700
1626963537479000,1,9.29380000,15.3700
1626963537485000,1,6.80620000,15.3700
1626963790465000,0,16.10000000,15.3900
1626963809073000,1,25.73402000,15.3900
1626963858346000,1,15.80000000,15.4100
1626963867289000,1,15.20000000,15.4000
1626963867782000,0,15.80000000,15.4000
1626964025502000,1,21.56985037,15.4300
1626964025502000,1,53.93370920,15.4300
1626964047089000,1,53.93370920,15.4200
1626964047089000,1,15.60000000,15.4200
1626964047089000,1,137.83836092,15.4200
1626964047089000,1,324.01054359,15.4200
1626964047089000,1,28.61738629,15.4200
1626964047191000,1,560.00000000,15.4200
1626964047243000,1,27.38261371,15.4200
1626964047243000,1,21.20148629,15.4200
1626964047333000,1,0.00002815,15.4200
1626964098130000,1,1.83920000,15.4000
1626964098376000,1,1.63070000,15.4000
1626964110321000,1,19.05349000,15.4000
1626964117546000,1,11.26400000,15.4000
1626964198705000,1,22.24449882,15.3800
1626964198705000,1,7.15550118,15.3800
1626964198795000,1,14.95602017,15.3800
1626964217233000,1,38.91399549,15.3600
1626964249922000,1,20.67238000,15.3400
1626964253683000,0,14.73390000,15.3500
1626964298940000,1,20.53838000,15.3500
1626964318070000,1,20.45274000,15.3200
1626964318118000,1,0.00000199,15.3200
1626964338199000,1,15.40000000,15.2800
1626964406094000,0,3.47000000,15.2800
1626964415836000,1,19.06407000,15.2900
1626964441890000,1,9.57054000,15.3000
1626964448231000,0,15.40000000,15.3200
1626964448337000,0,61.61174025,15.3200
1626964476686000,0,76.91430000,15.3300
1626964479037000,1,4.68754075,15.3300
1626964479078000,1,0.00000001,15.3300
1626964563591000,1,15.20000000,15.3800
1626964580999000,0,76.66130000,15.3900
1626964646241000,0,76.51000000,15.4100
1626964646262000,0,0.00288422,15.4100
1626964672522000,1,60.00000000,15.4100
1626964697994000,1,15.40000000,15.4000
1626964709653000,1,15.70000000,15.3900
1626964709653000,1,9.20322000,15.3900
1626964736561000,0,324.68496840,15.4100
1626964736561000,0,191.41223623,15.4100
1626964736561000,0,43.90279537,15.4100
1626964821148000,1,15.30000000,15.4200
1626964821148000,1,22.86511702,15.4200
1626964821200000,1,0.00000001,15.4200
1626964863613000,0,25.87000000,15.4300
1626964863668000,0,50.58256032,15.4300
1626964876986000,0,60.00000000,15.4500
1626964898807000,1,3.65320000,15.4300
1626964898823000,1,2.43510000,15.4300
1626964898852000,1,2.39660000,15.4300
1626964898860000,1,1.99590000,15.4300
1626964898875000,1,12.41103839,15.4300
1626964898875000,1,57.21192955,15.4300
1626965023797000,1,3.56380000,15.4100
1626965024120000,1,0.00004000,15.4100
1626965028702000,1,10.71610000,15.3900
1626965028702000,1,16.78710000,15.3900
1626965189419000,0,34.27870192,15.3700
1626965189424000,0,37.98400000,15.3700
1626965189425000,0,4.41145984,15.3700
1626965260319000,0,76.57351000,15.4000
1626965260380000,0,0.00000681,15.4000
1626965262168000,0,74.99593918,15.4100
1626965264162000,0,1.49991878,15.4100
1626965288535000,1,16.00000000,15.4100
1626965338195000,0,9.80000000,15.4200
1626965356332000,0,12.00000000,15.4200
1626965381803000,1,16.10000000,15.4200
1626965465894000,0,151.82432029,15.4400
1626965465894000,0,100.51489971,15.4400
1626965527520000,1,15.80000000,15.4300
1626965527520000,1,24.96400083,15.4300
1626965695159000,0,324.86794000,15.4500
1626966176972000,1,4.14770000,15.5000
1626966176994000,1,2.78450000,15.5000
1626966176995000,1,8.66780000,15.5000
1626966248124000,0,140.00000000,15.5200
1626966248124000,0,290.20550279,15.5200
1626966248124000,0,69.79449721,15.5200
1626966311140000,1,14.71267000,15.4900
1626966321843000,1,29.70000000,15.4700
1626966375122000,1,16.00000000,15.4700
1626966402369000,1,25.83360360,15.4600
1626966402369000,1,7.96012380,15.4600
1626966405840000,1,44.66569552,15.4500
1626966410984000,1,36.00000000,15.4400
1626966410984000,1,25.73910346,15.4400
1626966626488000,0,18.34282018,15.4600
1626966645300000,1,64.08999999,15.4400
1626966976909000,1,7.11799000,15.4300
1626966976909000,1,60.00000000,15.4300
1626966976909000,1,0.97721639,15.4200
1626967038787000,0,37.64480000,15.4400
1626967108362000,0,600.38000000,15.4700
1626967108363000,0,1034.67000000,15.4700
1626967108365000,0,49.74000000,15.4700
1626967108560000,0,2490.07000000,15.4700
1626967108561000,0,0.00657496,15.4700
1626967135009000,1,3.23830000,15.4600
1626967258753000,1,0.00001000,15.4600
1626967258753000,1,140.00000000,15.4600
1626967258753000,1,249.56305892,15.4600
1626967287822000,1,23.64640000,15.4700
1626967287827000,1,0.00009712,15.4700
1626967288156000,1,154.42031153,15.4600
1626967288156000,1,59.11181289,15.4600
1626967288156000,1,23.74810143,15.4600
1626967339812000,1,140.00000000,15.4700
1626967339812000,1,26.52787111,15.4700
1626967339812000,1,58.00000000,15.4700
1626967340134000,0,475.47000000,15.4700
1626967362163000,0,0.00212889,15.4700
1626967482080000,1,3.08099000,15.4600
1626967482080000,1,26.10321000,15.4600
1626967482620000,1,0.00011573,15.4600
1626967482620000,1,64.32078427,15.4600
1626967482751000,1,0.00004367,15.4600
1626967507942000,0,190.29665936,15.4900
1626967507942000,0,76.11078966,15.4900
1626967535001000,0,290.65370000,15.5100
1626967566356000,0,2.48835705,15.5600
1626967566356000,0,2.67041366,15.5600
1626967566356000,0,187.23659290,15.5600
1626967566380000,0,198.76340710,15.5600
1626967587251000,1,26.56546000,15.5500
1626967615225000,1,11.00000000,15.5400
1626967615351000,1,15.43800000,15.5400
1626967625696000,1,26.45950000,15.5300
1626967632836000,1,19.21238869,15.5200
1626967632918000,1,7.00150000,15.5200
1626967646486000,0,204.00669258,15.5400
1626967646486000,0,47.30940742,15.5400
1626967646647000,0,105.47540000,15.5400
1626967745352000,0,72.92040000,15.5400
1626967745542000,0,36.46020000,15.5500
1626967745778000,0,36.46020000,15.5500
1626967763859000,0,18.23010000,15.6200
1626967764029000,0,9.11510000,15.6200
1626967764807000,0,4.55750000,15.6300
1626967764967000,0,2.27880000,15.6300
1626967766374000,0,457.16370000,15.6300
1626967771676000,1,25.77829000,15.6300
1626967774863000,1,64.46504983,15.6200
1626967774863000,1,15.40000000,15.6200
1626967774863000,1,25.77815017,15.6200
1626967818717000,1,17.09070000,15.6300
1626967820721000,1,8.54530000,15.6200
1626967827585000,1,4.27270000,15.6100
1626967831443000,1,21.36610000,15.6000
1626967831545000,1,2.13630000,15.6000
1626967846701000,0,12.02127319,15.6300
1626967864384000,1,24.58490000,15.6000
1626967902108000,0,21.36610000,15.6000
1626967969125000,0,99.48496730,15.6000
1626967998004000,1,24.47767124,15.5900
1626967998004000,1,15.29992876,15.5900
1626967998167000,1,0.00007124,15.5900
1626968042517000,1,15.10000000,15.5800
1626968042517000,1,4.94468000,15.5800
1626968042517000,1,21.43532000,15.5800
1626968042535000,1,77.42467154,15.5800
1626968042580000,1,60.37436498,15.5800
1626968042598000,1,316.71864348,15.5800
1626968065470000,1,46.42040000,15.5700
1626968065695000,1,80.09860000,15.5700
1626968065695000,1,17.30000000,15.5700
1626968114652000,1,15.90000000,15.5600
1626968216393000,0,755.00064977,15.5700
1626968216393000,0,139.99999023,15.5700
1626968262204000,1,15.40000000,15.5700
1626968283535000,0,1.90280000,15.5900
1626968304990000,1,1.90280000,15.5900
1626968305102000,1,24.31109551,15.5900
1626968385904000,0,1.72740000,15.6300
1626968385927000,0,3.97650000,15.6300
1626968385928000,0,282.53621688,15.6300
1626968393532000,0,8.98278497,15.6400
1626968410158000,1,5.70390000,15.6300
1626968410253000,1,9.39610000,15.6300
1626968412829000,1,564.00000000,15.6200
1626968412829000,1,15.10000000,15.6200
1626968510568000,0,44.71975924,15.6400
1626968510569000,0,15.28024076,15.6400
1626968510569000,0,63.66134184,15.6500
1626968510569000,0,12.71809546,15.6500
1626968510598000,0,287.86953058,15.6500
1626968510598000,0,60.00000000,15.6500
1626968519580000,1,24.06268581,15.6700
1626968519580000,1,23.63011419,15.6700
1626968519588000,1,4.54620000,15.6700
1626968519599000,1,16.59560000,15.6700
1626968519617000,1,5.26070000,15.6700
1626968559965000,0,31.73375042,15.6800
1626968559965000,0,42.36144958,15.6800
1626968560093000,0,213.13220101,15.6800
1626968560093000,0,64.68112244,15.6800
1626968563529000,1,32.00000000,15.6900
1626968597864000,1,35.50000000,15.7300
1626968663883000,1,9.43930000,15.7400
1626968664807000,1,5.86070000,15.7400
1626968666817000,1,139.85680000,15.7300
1626968671783000,0,155.15690000,15.7400
1626968729759000,1,1.88630000,15.7400
1626968729874000,1,6.30600000,15.7400
1626968729895000,1,3.61200000,15.7400
1626968729962000,1,1.92290000,15.7400
1626968741227000,1,1.93420000,15.7100
1626968741228000,1,1.33373000,15.7100
1626968741228000,1,0.85137000,15.7100
1626968741255000,1,4.28420000,15.7100
1626968741324000,1,2.28930000,15.7100
1626968741359000,1,1.83070000,15.7100
1626968741449000,1,6.54440000,15.7100
1626968789507000,1,52.19000053,15.6800
1626968799106000,1,15.50000000,15.6900
1626968805312000,1,82.00000000,15.7000
1626968805313000,1,178.53610000,15.7000
1626968805317000,1,1239.46390000,15.7000
1626968839868000,0,28.13986764,15.7200
1626968839868000,0,70.34911657,15.7200
1626968856215000,0,128.34220000,15.7300
1626968939427000,1,15.50000000,15.7700
1626968950204000,1,29.12670000,15.7700
1626968957562000,0,0.00000674,15.8000
1626968957562000,0,76.92415080,15.8000
1626968957566000,0,73.38224082,15.8000
1626968958177000,1,5.65680000,15.8000
1626968964833000,1,15.70000000,15.7900
1626968969837000,1,5.33800000,15.7800
1626968970174000,1,10.36200000,15.7800
1626969051906000,1,15.70000000,15.7700
1626969112274000,1,15.70000000,15.7600
1626969150993000,0,22.64830000,15.7700
1626969224560000,0,43.14330000,15.8500
1626969226723000,1,14.90000000,15.8600
1626969226723000,1,140.00000000,15.8600
1626969226723000,1,24.50078792,15.8600
1626969226723000,1,60.00000000,15.8600
1626969226784000,0,89.04785000,15.8600
1626969238053000,0,60.00000000,15.8400
1626969238053000,0,87.79000000,15.8400
1626969238053000,0,190.00000000,15.8500
1626969238053000,0,220.00000000,15.8500
1626969238055000,1,140.00000000,15.8500
1626969238115000,1,11.00000000,15.8500
1626969238115000,1,200.81830000,15.8500
1626969238116000,1,62.01733313,15.8500
1626969238865000,0,140.00000000,15.8500
1626969278024000,1,16.60000000,15.8700
1626969338445000,1,15.40000000,15.8400
1626969403577000,0,201.01020000,15.9200
1626969410754000,1,60.32277176,15.9300
1626969410754000,1,24.14922824,15.9300
1626969427662000,1,60.13200000,15.9000
1626969427693000,1,17.09590000,15.9000
1626969427697000,1,1.77100000,15.9000
1626969427705000,1,13.90520000,15.9000
1626969427792000,1,900.00000000,15.9000
1626969427841000,1,263.09590000,15.9000
1626969464230000,0,74.02494833,15.9200
1626969464230000,0,103.35105167,15.9200
1626969471077000,1,78.00000000,15.9100
1626969479189000,0,74.03980000,15.9100
1626969479211000,0,0.00003913,15.9100
1626969505434000,0,73.98867709,15.9300
1626969514724000,1,5.52780000,15.9400
1626969514740000,1,14.18420000,15.9400
1626969514803000,1,42.88800000,15.9400
1626969524738000,1,58.30000000,15.9400
1626969543672000,1,2.58290000,15.9300
1626969543673000,1,38.02910000,15.9300
1626969543682000,1,6.08140000,15.9300
1626969543688000,1,3.71970000,15.9300
1626969545870000,1,4.68010000,15.9200
1626969546240000,1,0.00007000,15.9200
1626969546730000,1,14.80000000,15.9100
1626969552773000,1,14.90000000,15.9000
1626969566997000,0,70.12520000,15.9100
1626969568084000,1,44.00000000,15.9100
1626969590936000,0,74.00165000,15.9100
1626969591013000,0,0.00000420,15.9100
1626969598489000,1,6.78370000,15.9100
1626969598504000,1,4.36510000,15.9100
1626969598589000,1,3.85120000,15.9100
1626969609154000,0,15.00000000,15.9400
1626969612684000,1,275.37686000,15.9500
1626969613186000,1,0.00000997,15.9500
1626969613186000,1,67.19989003,15.9500
1626969613190000,1,65.18720000,15.9500
1626969613199000,1,2.91330000,15.9500
1626969613204000,1,10.54540000,15.9500
1626969613254000,1,736.03325000,15.9500
1626969613260000,1,0.00000292,15.9500
1626969613459000,1,46.56053745,15.9400
1626969619720000,1,15.40000000,15.9400
1626969620160000,0,60.00000000,15.9400
1626969620220000,0,18.64590000,15.9400
1626969621167000,0,6.13390000,15.9500
1626969632029000,1,6.13390000,15.9300
1626969659857000,1,10.26510000,15.9600
1626969660034000,1,12.63382931,15.9600
1626969660034000,1,17.63245974,15.9600
1626969660049000,1,602.36754026,15.9600
1626969660049000,1,56.98277468,15.9600
1626969669075000,0,10.26510000,15.9800
1626969669248000,0,173.94772573,15.9800
1626969669248000,0,73.67313427,15.9800
1626969672339000,0,140.00000000,15.9900
1626969672339000,0,60.00000000,15.9900
1626969672339000,0,329.08749581,16.0000
1626969672339000,0,140.16617740,16.0000
1626969674603000,0,33.54062500,16.0000
1626969677932000,1,79.08260000,15.9800
1626969678406000,1,369.83437000,15.9800
1626969678438000,1,0.00000213,15.9800
1626969678687000,1,24.78680000,15.9700
1626969678716000,1,0.00007516,15.9700
1626969678716000,1,60.00000000,15.9700
1626969678870000,0,140.00000000,15.9800
1626969678912000,1,37.84832967,15.9800
1626969678912000,1,56.20145401,15.9600
1626969678925000,1,66.45768025,15.9600
1626969679093000,1,17.34086574,15.9600
1626969679093000,1,20.61509186,15.9600
1626969679212000,1,100.38285176,15.9600
1626969679215000,1,27.58620689,15.9600
1626969685745000,0,71.42935917,15.9700
1626969686573000,1,3.74216703,15.9700
1626969688841000,0,253.36000000,15.9700
1626969688898000,0,2.25400000,15.9700
1626969688920000,0,32.44010000,15.9700
1626969688985000,0,722.24405000,15.9700
1626969689058000,0,266.30749274,15.9700
1626969689576000,0,179.64751821,15.9800
1626969689576000,0,71.88682177,15.9800
1626969690339000,0,173.18754198,15.9900
1626969690339000,0,69.30075802,15.9900
1626969691127000,0,0.00012495,15.9900
1626969691127000,0,161.86063024,16.0000
1626969692913000,1,140.00000000,15.9800
1626969692913000,1,209.00502000,15.9800
1626969694374000,1,0.00000736,15.9800
1626969695492000,1,10.34430000,15.9800
1626969695495000,1,0.00002622,15.9800
1626969704241000,0,10.34430000,16.0000
1626969704677000,0,394.00000000,16.0000
1626969712364000,0,83.94250000,16.0100
1626969712365000,0,79.05670000,16.0100
1626969714474000,0,0.00005980,16.0100
1626969715542000,0,2.59020000,16.0400
1626969716693000,1,2.50550000,16.0300
1626969716733000,1,4.57840000,16.0300
1626969716743000,1,6.50480000,16.0300
1626969716756000,1,3.79780000,16.0300
1626969716768000,1,2.40370000,16.0300
1626969716784000,1,2.37230000,16.0300
1626969716808000,1,1.91110000,16.0300
1626969716825000,1,11.44870628,16.0300
1626969716825000,1,0.17079372,16.0300
1626969716833000,1,4.56510000,16.0300
1626969716840000,1,4.24900000,16.0300
1626969716842000,1,3.83790000,16.0300
1626969716897000,1,1.87720628,16.0300
1626969721321000,1,44.57900000,16.0200
1626969732861000,0,0.00001594,16.0400
1626969739082000,0,60.00000000,16.0800
1626969744769000,1,25.45660000,16.1100
1626969752244000,0,1.61100000,16.1400
1626969755346000,1,36.88190000,16.1600
1626969755347000,1,0.00005890,16.1600
1626969758240000,1,140.00000000,16.1400
1626969767047000,0,36.88195000,16.1600
1626969767047000,0,48.88455000,16.1600
1626969767058000,0,4.27620000,16.1600
1626969767063000,0,2.32500000,16.1600
1626969767099000,0,130.57790000,16.1600
1626969770257000,0,8.47397202,16.1800
1626969773856000,1,24.50000000,16.1700
1626969773856000,1,25.10770000,16.1700
1626969773913000,1,0.00005100,16.1700
1626969774149000,1,25.10744000,16.1600
1626969775661000,1,30.60000000,16.1600
1626969778001000,1,5.28550000,16.1400
1626969778003000,1,2.23600000,16.1400
1626969778013000,1,7.87850000,16.1400
1626969779457000,1,1.94800000,16.1300
1626969779466000,1,1.93170000,16.1300
1626969779469000,1,3.61990000,16.1300
1626969779485000,1,2.74450000,16.1300
1626969785363000,0,106.67440000,16.1000
1626969787350000,1,15.00000000,16.0900
1626969788757000,1,15.30000000,16.0800
1626969788894000,1,7.83000000,16.0700
1626969789241000,1,24.92389000,16.0700
1626969789354000,1,0.00000648,16.0700
1626969796233000,1,1.25384186,16.0600
1626969799351000,0,30.30000000,16.0500
1626969818764000,1,154.69247602,16.0500
1626969818764000,1,59.51210703,16.0500
1626969818764000,1,23.80684549,16.0500
1626969819300000,1,140.00000000,16.0400
1626969829191000,0,44.20000000,16.0400
1626969829210000,0,14.66987057,16.0400
1626969841170000,0,187.13621543,16.0500
1626969841170000,0,144.44739720,16.0500
1626969841170000,0,57.80503737,16.0500
1626969844123000,1,14.80000000,16.0500
1626969846749000,1,15.40000000,16.0400
1626969851312000,1,15.10000000,16.0300
1626969863047000,1,51.80000000,16.0100
1626969870825000,1,50.00000000,16.0100
1626969896325000,0,156.32841168,16.0100
1626969896325000,0,6.85605100,16.0200
1626969924902000,1,3.74760000,15.9600
1626969925248000,1,18.98620000,15.9600
1626969931444000,0,3.74760000,15.9700
1626969931465000,0,152.96625801,15.9700
1626969931465000,0,45.56172788,15.9700
1626969931477000,0,156.62499879,15.9800
1626969931477000,0,45.15962457,15.9800
1626969931477000,0,42.23001956,15.9800
1626969931481000,0,20.17298418,15.9800
1626969931481000,0,60.00000000,15.9800
1626969931482000,0,156.53538914,15.9900
1626969931482000,0,62.38899311,15.9900
1626969931482000,0,86.07315654,15.9900
1626969931517000,0,60.00000000,15.9700
1626969931657000,0,60.00000000,15.9700
1626969931662000,0,53.90795671,15.9700
1626969931679000,0,11.07332895,15.9900
1626969931743000,0,2.05873987,15.9900
1626969932165000,0,45.56000000,15.9900
1626969932169000,0,0.00172788,15.9900
1626969935023000,1,60.00000000,15.9800
1626969935023000,1,15.40000000,15.9800
1626969940564000,1,22.50000000,15.9700
1626969977039000,1,24.28425134,15.9400
1626969977242000,1,60.00000000,15.9400
1626969979287000,0,18.81387216,15.9600
1626969979287000,0,47.03452784,15.9600
1626970000327000,0,32.05170000,15.9800
1626970023649000,1,15.50000000,15.9500
1626970023649000,1,20.26636435,15.9500
1626970061528000,0,420.00000000,15.9400
1626970125186000,1,32.82349555,15.9300
1626970125187000,1,16.91320556,15.9300
1626970153086000,1,14.80000000,15.9400
1626970153086000,1,5.03589000,15.9400
1626970182622000,1,15.50000000,15.9300
1626970182622000,1,26.61650275,15.9300
1626970182622000,1,66.54166775,15.9300
1626970182622000,1,173.03765699,15.9300
1626970182622000,1,313.64480695,15.9300
1626970182622000,1,87.79000000,15.9300
1626970182782000,1,560.00000000,15.9200
1626970182969000,0,26.61650275,15.9200
1626970182970000,0,66.54166775,15.9200
1626970182977000,0,46.84182950,15.9200
1626970195632000,0,418.00000000,15.9200
1626970205987000,0,145.78824507,15.9300
1626970205987000,0,655.99995493,15.9300
1626970238759000,1,24.61907453,15.9200
1626970263980000,1,24.51352489,15.9000
1626970359119000,0,614.00000000,15.9000
1626970376363000,1,4.63936931,15.8900
1626970402482000,0,184.08353000,15.9000
1626970412428000,1,6.85000000,15.8800
1626970454125000,1,16.70000000,15.8800
1626970484772000,1,3.51471000,15.8700
1626970484772000,1,73.55844178,15.8700
1626970515883000,1,60.08732615,15.8800
1626970515929000,1,79.91267385,15.8800
1626970515929000,1,17.71132615,15.8800
1626970591415000,1,17.60000000,15.8600
1626970593802000,1,21.90000000,15.8400
1626970615128000,1,15.50000000,15.8300
1626970615128000,1,24.05505456,15.8300
1626970648768000,1,15.40000000,15.8600
1626970674408000,1,10.11790000,15.8500
1626970674537000,1,4.78210000,15.8500
1626970676139000,1,52.66400000,15.8400
1626970676143000,1,2.30370000,15.8400
1626970676150000,1,4.72156977,15.8400
1626970676150000,1,13.97754057,15.8400
1626970676189000,1,9.89719448,15.8400
1626970676721000,1,22.64000000,15.8300
1626970676774000,1,1.17867347,15.8300
1626970679597000,0,58.73380000,15.8300
1626970683357000,1,14.80000000,15.8200
1626970699065000,0,6.35180000,15.8200
1626970699252000,0,55.07964000,15.8200
1626970699254000,0,0.00000820,15.8200
1626970700843000,1,6.74180000,15.8200
1626970700862000,1,1.66410000,15.8200
1626970700879000,1,2.27410000,15.8200
1626970705582000,0,10.68000000,15.8100
1626970705652000,0,49.64488000,15.8100
1626970705712000,0,0.00000570,15.8100
1626970745539000,0,59.25393222,15.8200
1626970792761000,1,15.39999999,15.8200
1626970792789000,1,0.00000001,15.8200
1626971024335000,1,15.40000000,15.8300
1626971107070000,1,5.63310000,15.8200
1626971107306000,1,0.00006000,15.8200
1626971156509000,1,14.90000000,15.8400
1626971217876000,1,1.67030000,15.8300
1626971218519000,1,315.81228196,15.8200
1626971218519000,1,58.63647800,15.8200
1626971218519000,1,23.05150004,15.8200
1626971476380000,1,2.01030000,15.8500
1626971476399000,1,1.68140000,15.8500
1626971476471000,1,12.00830000,15.8500
1626971490478000,1,40.35609065,15.8300
1626971678092000,0,5.36200000,15.8600
1626971816285000,1,560.00000000,15.8400
1626971816303000,1,65.57000000,15.8400
1626971816303000,1,308.11600000,15.8400
1626971816303000,1,6.29370000,15.8400
1626971816329000,1,0.00005000,15.8400
1626971824162000,0,8.94870000,15.8400
1626971824213000,0,2.16130000,15.8400
1626971834515000,1,11.11000000,15.8300
1626971943864000,0,28.23770000,15.8500
1626971945379000,1,28.23770000,15.8400
1626971945469000,1,9.06229999,15.8400
1626971945471000,1,0.00000001,15.8400
1626971992502000,1,15.00000000,15.8200
1626971992502000,1,3.34638000,15.8200
1626971998619000,1,12.74053293,15.8100
1626972151123000,1,15.30000000,15.8300
1626972162420000,0,54.68000000,15.8300
1626972162441000,0,0.00116425,15.8300
1626972195894000,0,52.67000000,15.8500
1626972286604000,1,14.80000000,15.8700
1626972286604000,1,3.65697000,15.8700
1626972305668000,1,21.84823645,15.8700
1626972305668000,1,54.60957355,15.8700
1626972373073000,0,50.36970000,15.8700
1626972373163000,0,0.00004941,15.8700
1626972374772000,0,448.00000000,15.8800
1626972386931000,1,21.15695811,15.8700
1626972417441000,1,21.03425894,15.8900
1626972417441000,1,0.36574106,15.8900
1626972710864000,1,215.86200000,15.9200
1626972723397000,1,250.00000000,15.9100
1626972723651000,1,17.62270871,15.9100
1626972723673000,1,70.00729129,15.9100
1626972723673000,1,14.90000000,15.9100
1626972738695000,0,17.26956995,15.9300
1626972768187000,1,20.86848749,15.9200
1626972768187000,1,14.80000000,15.9200
1626972848510000,1,15.30000000,15.9100
1626972897671000,1,5.55410000,15.9100
1626972964164000,1,15.60000000,15.9000
1626973094260000,0,112.62000000,15.9200
1626973094304000,0,68.60000000,15.9200
1626973108138000,0,7.94000000,15.9200
1626973108167000,0,0.00846153,15.9200
1626973215674000,1,23.13342000,15.9600
1626973260268000,1,22.82330665,15.9600
1626973260268000,1,15.30000000,15.9600
1626973298824000,0,149.60595197,15.9700
1626973322303000,0,44.50960000,15.9800
1626973322571000,0,0.00004461,15.9800
1626973323366000,0,3.11840000,15.9900
1626973323922000,0,7.67370000,16.0000
1626973323942000,0,2.09110000,16.0000
1626973367709000,1,11.47965678,16.0000
1626973367736000,1,12.40407461,16.0000
1626973367736000,1,3.02512539,16.0000
1626973386740000,0,2.53750000,16.0100
1626973526402000,1,10.00229352,16.0100
1626973526433000,1,5.09770648,16.0100
1626973526433000,1,45.00229449,16.0100
1626973526575000,1,82.99999999,16.0100
1626973529902000,1,361.10295224,16.0100
1626973529902000,1,4.75959776,16.0100
1626973553214000,1,0.00000224,16.0100
1626973586750000,0,1.84440000,16.0100
1626973586795000,0,1.63810000,16.0100
1626973586805000,0,4.76920000,16.0100
1626973586822000,0,1.68060000,16.0100
1626973586824000,0,3.05670000,16.0100
1626973586826000,0,7.41770000,16.0100
1626973586848000,0,27.51237410,16.0100
1626973761595000,0,137.20000000,16.0600
1626973776308000,0,200.19000000,16.0800
1626973776320000,0,0.00659144,16.0800
1626973844186000,1,38.46800000,16.0800
1626973844708000,1,448.20571000,16.0800
1626973844825000,1,0.00000037,16.0800
1626973881582000,0,18.06130000,16.0900
1626973885148000,1,24.74363408,16.0700
1626974027372000,0,52.22000000,16.0600
1626974027391000,0,0.00573765,16.0600
1626974110189000,1,1.62320000,16.0600
1626974110266000,1,1.65110000,16.0600
1626974199193000,1,1.42923000,16.0600
1626974240615000,1,14.90000000,16.0400
1626974387883000,0,3.27430000,16.0500
1626974417749000,1,14.60000000,16.0400
1626974420251000,1,23.13178746,16.0300
1626974420251000,1,9.63131032,16.0300
1626974465976000,0,137.20000000,16.0200
1626974468143000,1,15.00000000,16.0100
1626974468143000,1,1.88966389,16.0100
1626974468199000,1,4.27595092,16.0100
1626974480357000,1,22.56289000,16.0000
1626974495672000,1,2.63370000,15.9900
1626974495677000,1,2.52940000,15.9900
1626974495682000,1,50.90146101,15.9900
1626974495682000,1,17.56643899,15.9900
1626974495691000,1,2.02840000,15.9900
1626974495709000,1,1.92430000,15.9900
1626974495753000,1,0.91451834,15.9900
1626974496154000,1,78.49821834,15.9800
1626974496296000,1,191.82023509,15.9800
1626974496298000,1,22.99001121,15.9800
1626974496367000,1,21.80000000,15.9800
1626974496390000,1,42.89153536,15.9800
1626974496390000,1,14.70000000,15.9800
1626974496390000,1,35.66168782,15.9800
1626974496425000,1,7.99999999,15.9800
1626974496533000,1,22.33281424,15.9800
1626974520628000,0,140.00000000,16.0000
1626974523900000,1,400.00000000,16.0000
1626974552962000,0,10.03030000,16.0100
1626974573997000,0,140.00000000,16.0200
1626974590576000,1,15.20000000,16.0300
1626974760865000,1,20.21430000,16.0300
1626974760877000,1,1.95580000,16.0300
1626974760911000,1,4.37490000,16.0300
1626974760921000,1,1.79430000,16.0300
1626974760933000,1,2075.13169189,16.0300
1626974827296000,1,10.04120000,16.0200
1626974830505000,1,12.43155574,16.0200
1626974830518000,1,20.50320236,16.0200
1626974831317000,1,25.99956325,16.0200
1626974840815000,1,92.99260837,16.0200
1626974841385000,1,36.12786681,16.0200
1626974848670000,1,91.90000000,16.0200
1626974849399000,1,281.06215405,16.0200
1626974858021000,0,37.75340000,16.0300
1626974858366000,0,122.45626494,16.0300
1626974858415000,0,23.79406196,16.0300
1626974858497000,0,37.41592716,16.0300
1626974858553000,0,59.51074706,16.0300
1626974888277000,1,32.00000075,16.0200
1626974888389000,1,78.51488237,16.0200
1626974905926000,1,5.80926000,16.0100
1626974905926000,1,23.84451113,16.0100
1626974907230000,0,20.54278000,16.0100
1626974907276000,0,0.00000408,16.0100
1626975083682000,1,15.40000000,15.9800
1626975083682000,1,21.56694345,15.9800
1626975097069000,1,15.50000000,15.9700
1626975114885000,1,4.11450000,15.9600
1626975114911000,1,1.82880000,15.9600
1626975114948000,1,15.52735011,15.9600
1626975130961000,0,6.57040000,15.9700
1626975131167000,0,58.15645694,15.9700
1626975131167000,0,250.66234306,15.9700
1626975213935000,0,63.54000000,15.9900
1626975213985000,0,0.00699315,15.9900
1626975354191000,1,1.60500000,15.9800
1626975354231000,1,1.89310000,15.9800
1626975354270000,1,0.68210000,15.9800
1626975374303000,0,4.18020000,15.9900
1626975374345000,0,246.12813060,15.9900
1626975374416000,0,220.00000000,15.9900
1626975476069000,0,140.00000000,16.0000
1626975504244000,0,63.01000000,16.0100
1626975504982000,0,76.99000000,16.0100
1626975557606000,1,12.79201955,16.0100
1626975712345000,0,219.26370389,15.9800
1626975969601000,0,494.00000000,16.0000
1626976058723000,1,21.70830270,16.0400
1626976101007000,1,14.70000000,16.0300
1626976155508000,1,21.52793610,15.9900
1626976155508000,1,14.69996390,15.9900
1626976155727000,1,0.00003610,15.9900
1626976168014000,1,14.80000000,15.9800
1626976168014000,1,21.54463236,15.9800
1626976578909000,1,14.60000000,16.0300
1626976578909000,1,6.69047999,16.0300
1626976578924000,1,0.00000001,16.0300
1626976618245000,0,70.94470000,16.0300
1626976676281000,1,15.40000000,16.0400
1626976699984000,1,2.22560000,16.0300
1626976700237000,1,5.62850000,16.0300
1626976743385000,0,7.85410000,16.0600
1626976831255000,1,3.75570000,16.1200
1626976831289000,1,13.43360000,16.1200
1626976831290000,1,5.88500000,16.1200
1626976831315000,1,0.00008734,16.1200
