timestamp ms,type,amount,price
1627257636309000,0,61.39798648,16.7700
1627257636313000,0,253.06796777,16.7700
1627257636315000,0,143.75770663,16.7700
1627257636325000,0,85.77633912,16.7700
1627257636325000,0,59.56495828,16.7800
1627257636325000,0,268.42351213,16.7800
1627257636441000,0,406.00000000,16.7800
1627257681616000,1,13.71753532,16.7700
1627257681971000,1,30.39044051,16.7700
1627257720800000,1,11.18541408,16.7500
1627257724880000,1,23.66726475,16.7400
1627257728728000,1,151.94581410,16.7300
1627257736745000,1,1.76980000,16.7300
1627257736756000,1,1.62230000,16.7300
1627257736815000,1,1.56350000,16.7300
1627257737856000,1,22.49006980,16.7200
1627257737898000,1,0.00000001,16.7200
1627257768813000,0,4.95560000,16.7100
1627257834293000,0,150.66570034,16.7100
1627257856068000,0,209.72000000,16.7300
1627257856077000,0,0.00260609,16.7300
1627257867587000,1,22.22683155,16.7400
1627258003332000,0,20.00000000,16.7700
1627258027240000,1,63.44115297,16.7600
1627258027270000,1,59.66638027,16.7600
1627258027301000,1,22.64513876,16.7600
1627258027301000,1,22.42990579,16.7600
1627258074222000,0,161.96558282,16.8000
1627258121860000,0,514.00000000,16.8200
1627258173887000,1,21.79310000,16.8100
1627258310729000,0,18.00000000,16.8400
1627258326515000,0,69.94255212,16.8700
1627258353974000,0,59.70971563,16.8800
1627258353974000,0,380.29028437,16.8800
1627258354003000,0,107.70970000,16.8800
1627258354153000,0,0.00001563,16.8800
1627258359220000,1,20.00000000,16.8900
1627258360207000,1,18.00000000,16.8900
1627258393056000,0,4.01000000,16.9100
1627258393059000,0,147.65945000,16.9100
1627258393186000,0,346.33055000,16.9100
1627258393864000,0,100.09575277,16.9200
1627258393876000,0,33.89868379,16.9200
1627258394141000,0,204.00000000,16.9200
1627258394166000,0,0.00556344,16.9200
1627258399034000,0,58.82526000,16.9400
1627258401572000,0,20.00000000,16.9600
1627258404962000,0,63.20783132,17.0000
1627258405557000,0,63.34000000,17.0000
1627258405673000,0,0.00444409,17.0000
1627258406814000,0,18.00000000,17.0100
1627258407554000,0,40.09523808,17.0100
1627258408299000,1,18.00000000,17.0200
1627258408469000,1,92.00000000,17.0200
1627258412854000,1,21.96950000,17.0000
1627258418739000,0,173.65463000,16.9900
1627258421499000,0,69.42100000,16.9900
1627258421654000,0,0.00001716,16.9900
1627258422395000,1,173.54631000,17.0000
1627258422395000,1,69.40459000,17.0000
1627258422548000,1,0.00008000,17.0000
1627258422548000,1,110.00000000,17.0000
1627258422609000,1,179.42101000,16.9900
1627258422609000,1,159.99999000,16.9900
1627258422612000,1,0.00001000,16.9900
1627258430778000,0,243.83950000,17.0000
1627258430877000,0,318.16050000,17.0000
1627258433630000,1,7.44000000,16.9900
1627258456399000,1,7.43000000,17.0100
1627258468206000,1,7.42000000,16.9900
1627258469345000,1,7.78660000,16.9900
1627258469380000,1,1.67740000,16.9900
1627258469387000,1,3.00950000,16.9900
1627258469388000,1,3.42550000,16.9900
1627258469399000,1,37.55500000,16.9900
1627258469709000,1,0.00007539,16.9900
1627258480133000,0,200.00000000,16.9800
1627258480191000,0,26.28000000,16.9800
1627258480194000,0,173.72000000,16.9800
1627258496161000,0,20.00000000,17.0300
1627258503002000,0,2.43750000,17.0500
1627258503418000,1,7.42000000,17.0400
1627258503483000,0,0.00007543,17.0500
1627258504111000,0,12.00000000,17.0700
1627258506381000,0,15.00000000,17.1000
1627258533625000,1,7.42000000,17.0600
1627258544488000,1,20.00000000,17.0600
1627258544641000,1,69.15084294,17.0600
1627258546682000,0,69.13382000,17.0700
1627258568545000,1,7.40000000,17.0500
1627258623058000,0,280.00000000,17.0600
1627258693451000,1,18.00000000,17.0200
1627258707395000,0,7.04050000,17.0300
1627258707538000,0,210.00000000,17.0300
1627258707613000,0,76.86633000,17.0300
1627258738548000,0,20.00000000,17.0200
1627258742290000,1,293.69939697,17.0100
1627258742290000,1,146.30060303,17.0100
1627258742537000,1,56.53540322,17.0100
1627258742537000,1,22.61512142,17.0100
1627258744034000,1,22.61512142,17.0000
1627258744971000,1,22.61512142,16.9900
1627258748967000,1,22.41900000,16.9900
1627258749162000,1,0.00003298,16.9900
1627258749162000,1,22.42825702,16.9900
1627258749173000,1,0.00001026,16.9900
1627258840462000,0,394.00000000,17.0200
1627258861641000,0,295.39680000,17.0400
1627258861725000,0,140.00000000,17.0400
1627258861789000,0,18.60320000,17.0400
1627258873003000,0,440.00000000,17.0800
1627258873172000,0,6.00000000,17.0800
1627258906598000,1,10.23149286,17.0500
1627258907020000,1,51.70000000,17.0500
1627258979702000,0,300.00000000,17.0700
1627258997681000,0,234.66644431,17.0600
1627259086144000,1,22.00828448,17.0900
1627259124156000,1,1.48290000,17.0600
1627259124164000,1,2.42200000,17.0600
1627259124179000,1,2.02490000,17.0600
1627259124222000,1,1.64270000,17.0600
1627259124286000,1,1.90880000,17.0600
1627259124291000,1,1.84700000,17.0600
1627259124357000,1,3.76450000,17.0600
1627259124401000,1,6.48330000,17.0600
1627259124445000,1,0.35755212,17.0600
1627259129559000,1,4.18630000,17.0600
1627259157814000,0,26.11990000,17.0900
1627259170745000,0,2.29086346,17.1700
1627259170745000,0,20.00000000,17.1700
1627259175397000,0,18.00000000,17.2100
1627259206563000,1,7.36000000,17.1900
1627259247240000,1,2.29094889,17.1700
1627259247240000,1,5.04905111,17.1700
1627259252747000,1,3.91990000,17.1800
1627259252764000,1,5.05570000,17.1800
1627259252805000,1,4.05000000,17.1800
1627259257194000,0,68.57688789,17.1900
1627259257194000,0,110.00000000,17.1900
1627259257194000,0,232.85485703,17.2000
1627259257194000,0,110.00000000,17.2000
1627259257194000,0,410.00000000,17.2000
1627259257194000,0,143.36883647,17.2000
1627259263093000,1,5.99670000,17.1700
1627259263136000,1,3.53510000,17.1700
1627259263164000,1,16.36388607,17.1700
1627259263164000,1,13.26901393,17.1700
1627259263171000,1,1.51430000,17.1700
1627259263234000,1,1.96990000,17.1700
1627259277337000,1,7.33000000,17.1500
1627259280994000,1,22.42420000,17.1500
1627259281005000,1,3.31661480,17.1500
1627259285050000,0,134.08847497,17.1800
1627259367079000,0,100.74227405,17.1500
1627259403281000,0,498.00000000,17.1900
1627259453156000,1,43.38411000,17.1300
1627259458996000,0,81.41520000,17.1400
1627259467468000,0,122.97602000,17.1400
1627259467782000,0,0.00000227,17.1400
1627259467782000,0,439.99999773,17.1400
1627259467788000,0,3752.31925692,17.1400
1627259475203000,0,45.74343974,17.1600
1627259475307000,0,10.42322683,17.1600
1627259475338000,0,380.00000000,17.1600
1627259475405000,0,207.57677317,17.1600
1627259532921000,1,7.34000000,17.1900
1627259724047000,1,880.00000000,17.2000
1627259724062000,1,120.00000000,17.2000
1627259968832000,1,7.32000000,17.2200
1627259973482000,1,79.18271067,17.2100
1627259973617000,1,17.31500000,17.2100
1627259973871000,1,13.50228933,17.2100
1627260003676000,1,7.44785496,17.2100
1627260003802000,1,39.70000000,17.2100
1627260026170000,1,20.00000000,17.2100
1627260026514000,1,18.00000000,17.2100
1627260085592000,0,195.34104419,17.2300
1627260085592000,0,154.02475613,17.2300
1627260155222000,1,3.76314452,17.2400
1627260159035000,1,7.32000000,17.2300
1627260194073000,1,7.31000000,17.2400
1627260207531000,0,10.94905317,17.2800
1627260257650000,0,2.40005206,17.3200
1627260257658000,0,0.00000001,17.3200
1627260259608000,0,19.99999999,17.3400
1627260259608000,0,0.00000001,17.3400
1627260264305000,0,7.64995713,17.3400
1627260266935000,0,11.99999999,17.3400
1627260279405000,1,7.29000000,17.3100
1627260293916000,0,6.00000000,17.3400
1627260297538000,1,7.29000000,17.3300
1627260302383000,1,7.29000000,17.3300
1627260307330000,1,7.29000000,17.3400
1627260314635000,1,7.28000000,17.3400
1627260364970000,0,259.67737986,17.3900
1627260364985000,0,26.15698505,17.4000
1627260364985000,0,146.74063226,17.4000
1627260364985000,0,100.89658212,17.4000
1627260364986000,0,309.54651798,17.4000
1627260364989000,0,141.55689990,17.4000
1627260364989000,0,57.54022987,17.4000
1627260364989000,0,48.54008461,17.4100
1627260364996000,0,53.89936780,17.4100
1627260365014000,0,58.27110855,17.4100
1627260365129000,0,110.00000000,17.4000
1627260365326000,0,161.77110000,17.3900
1627260365326000,0,0.00002000,17.3900
1627260365530000,0,55.51700000,17.4100
1627260367203000,1,20.00000000,17.4400
1627260367274000,0,39.26900092,17.4400
1627260367895000,1,164.30890000,17.4500
1627260371249000,1,8.55470000,17.4500
1627260371481000,0,2.29094000,17.4500
1627260371490000,0,2.29090000,17.4500
1627260371503000,0,126.23440000,17.4500
1627260371504000,0,44.70473184,17.4500
1627260371708000,0,2.29090000,17.4600
1627260371802000,0,0.00004889,17.4600
1627260374242000,1,117.43280000,17.4900
1627260376056000,1,62.36880000,17.4900
1627260377474000,0,20.00000000,17.4900
1627260379333000,0,75.45720486,17.5000
1627260379546000,0,1.53990000,17.5000
1627260379655000,0,0.00004296,17.5000
1627260380877000,1,498.00000000,17.5000
1627260383268000,1,22.68450000,17.4700
1627260392716000,0,110.00000000,17.4600
1627260392716000,0,102.31087718,17.4600
1627260392716000,0,48.63326000,17.4600
1627260406185000,1,48.19277000,17.4300
1627260429155000,1,20.00000000,17.4200
1627260434587000,0,143.59453352,17.4300
1627260434587000,0,20.00000000,17.4300
1627260434671000,1,110.00000000,17.4300
1627260454437000,0,34.30494188,17.4600
1627260454437000,0,143.44865942,17.4600
1627260454437000,0,48.63326000,17.4600
1627260454441000,0,71.43253257,17.4700
1627260454530000,1,12.50000000,17.4600
1627260454572000,1,12.49999999,17.4600
1627260454735000,0,16.20060000,17.4700
1627260488189000,0,144.31654000,17.5700
1627260492959000,1,22.33600000,17.5600
1627260493881000,1,47.04746615,17.5400
1627260493882000,1,8.79198104,17.5400
1627260493882000,1,22.33602723,17.5400
1627260493882000,1,20.00000000,17.5400
1627260495288000,0,110.67547441,17.5700
1627260495291000,0,88.86801870,17.5700
1627260495291000,0,20.00000000,17.5700
1627260495637000,0,2.36360000,17.5800
1627260500477000,1,4.94000000,17.5600
1627260524993000,0,0.00006644,17.5800
1627260548545000,1,19.99999999,17.6300
1627260550083000,1,7.18000000,17.6400
1627260559391000,0,1.69200000,17.6700
1627260562737000,0,3.73030000,17.7000
1627260564092000,0,0.00005066,17.7000
1627260575985000,0,20.00000000,17.7400
1627260577610000,0,490.00000000,17.7500
1627260582427000,1,7.14000000,17.7500
1627260584873000,1,7.14000000,17.7500
1627260587428000,1,7.14000000,17.7500
1627260597350000,1,7.12000000,17.7700
1627260600110000,0,57.74780000,17.8000
1627260602413000,1,7.12000000,17.7700
1627260602819000,0,0.00006086,17.8000
1627260607497000,1,7.11000000,17.7700
1627260607593000,1,506.00000000,17.7800
1627260607631000,1,47.27068000,17.7700
1627260607631000,1,242.40575182,17.7600
1627260611119000,0,110.00000000,17.7200
1627260611119000,0,4.88075631,17.7200
1627260611119000,0,54.75767241,17.7200
1627260611210000,1,12.50000000,17.7200
1627260612555000,1,7.11000000,17.6800
1627260615405000,1,7.10000000,17.6900
1627260617467000,1,7.11000000,17.6500
1627260622519000,1,7.10000000,17.6400
1627260629022000,1,102.90000000,17.6400
1627260700636000,0,20.61800000,17.6300
1627260707046000,1,216.52893181,17.6200
1627260707074000,1,58.00400000,17.6200
1627260707098000,1,55.73406877,17.6200
1627260713255000,0,14.77900000,17.6400
1627260713369000,1,20.00000000,17.6300
1627260713385000,1,176.85700000,17.6200
1627260713410000,1,244.65638565,17.6100
1627260713415000,1,38.92779554,17.6100
1627260713415000,1,89.64292952,17.6000
1627260713418000,1,194.09696341,17.6000
1627260713418000,1,111.72317864,17.5900
1627260713428000,1,20.00000000,17.6200
1627260713492000,1,10.00000000,17.6100
1627260713521000,1,86.18700000,17.5900
1627260713971000,0,20.00000000,17.6100
1627260714285000,0,20.00000000,17.6200
1627260723048000,0,17.51599999,17.6500
1627260723080000,0,0.00000001,17.6500
1627260735641000,0,7.24800000,17.6500
1627260736253000,0,7.85568000,17.6600
1627260736646000,0,0.16032000,17.6600
1627260738622000,0,9.72100000,17.6700
1627260745084000,0,18.00000000,17.6900
1627260811876000,1,7.12000000,17.6200
1627260842484000,1,20.00000000,17.6700
1627260842484000,1,110.00000000,17.6600
1627260842484000,1,176.85700000,17.6600
1627260842484000,1,4.97874348,17.6600
1627260842565000,0,848.16425652,17.6600
1627260903450000,1,21.10795184,17.7000
1627260908295000,1,18.89210000,17.6800
1627260966679000,0,440.00000000,17.6400
1627260999404000,0,440.00000000,17.6400
1627260999464000,0,86.00000000,17.6400
1627261095389000,0,1.69560000,17.6600
1627261095390000,0,2.00450000,17.6600
1627261095422000,0,1.58080000,17.6600
1627261095478000,0,4.72410000,17.6600
1627261095479000,0,1.83630000,17.6600
1627261095495000,0,492.15870000,17.6600
1627261112287000,0,20.00000000,17.8200
1627261116572000,0,743.87010000,17.8300
1627261118422000,0,184.83870000,17.8300
1627261118479000,0,120.00000000,17.8300
1627261118577000,0,220.00000000,17.8300
1627261118649000,0,210.00000000,17.8300
1627261118715000,0,160.00000000,17.8300
1627261118779000,0,450.00000000,17.8300
1627261118908000,0,190.00000000,17.8300
1627261118976000,0,370.00000000,17.8300
1627261119037000,0,660.00000000,17.8300
1627261119101000,0,1280.00000000,17.8300
1627261119171000,0,4000.00000000,17.8300
1627261119235000,0,1300.00000000,17.8300
1627261119311000,0,220.00000000,17.8300
1627261119537000,0,130.00000000,17.8300
1627261119604000,0,340.00000000,17.8300
1627261120957000,1,1.63070000,17.7900
1627261121157000,1,19.50530000,17.7900
1627261123548000,1,110.00000000,17.7800
1627261127046000,1,110.00000000,17.7500
1627261127930000,1,110.00000000,17.7400
1627261128609000,1,110.00000000,17.7300
1627261130091000,0,21.13600000,17.7700
1627261130700000,0,8.87640000,17.7700
1627261137280000,1,7.12000000,17.6800
1627261186549000,0,282.59211831,17.7300
1627261186549000,0,2489.95000000,17.7300
1627261186549000,0,110.00000000,17.7400
1627261186549000,0,4.97995386,17.7400
1627261186549000,0,282.33218791,17.7400
1627261186549000,0,192.91620474,17.7400
1627261186706000,1,12.50000000,17.7400
1627261186722000,1,782.72953518,17.7400
1627261187370000,1,7.12000000,17.7000
1627261228103000,0,2.71321734,17.7900
1627261228144000,0,0.00000001,17.7900
1627261236485000,0,7.54010000,17.8300
1627261236548000,0,1.71180000,17.8300
1627261236629000,0,1.83450000,17.8300
1627261236648000,0,4.81360000,17.8300
1627261236678000,0,14.30070000,17.8300
1627261236700000,0,2.57140000,17.8300
1627261236736000,0,1.90530000,17.8300
1627261236812000,0,14.52310000,17.8300
1627261236907000,0,15.54720000,17.8300
1627261236931000,0,2.66130000,17.8300
1627261237576000,0,1599.55996980,17.8300
1627261237655000,0,9.53150000,17.8300
1627261237695000,0,6.94200000,17.8300
1627261237695000,0,930.00000000,17.8300
1627261237702000,0,4.36890000,17.8300
1627261237709000,0,6.13680000,17.8300
1627261237720000,0,2.29130000,17.8300
1627261237736000,0,2.77470000,17.8300
1627261237759000,0,330.00000000,17.8300
1627261237760000,0,5.08470000,17.8300
1627261237776000,0,2.55910000,17.8300
1627261237789000,0,2.60100000,17.8300
1627261237790000,0,1.98870000,17.8300
1627261237835000,0,340.00000000,17.8300
1627261237884000,0,12.50000000,17.8300
1627261237994000,0,510.00000000,17.8300
1627261238007000,0,49.06210000,17.8300
1627261238008000,0,2.62870000,17.8300
1627261238019000,0,2.70910000,17.8300
1627261238027000,0,1401.37526491,17.8300
1627261238055000,0,5.97060000,17.8300
1627261238059000,0,2.14530000,17.8300
1627261238166000,0,2459.93790774,17.8300
1627261238538000,0,2.16930000,17.8300
1627261238576000,0,1400.80023743,17.8300
1627261238581000,0,14.96850000,17.8300
1627261238647000,0,11.81240000,17.8300
1627261238654000,0,2.71560000,17.8300
1627261238665000,0,2.16790000,17.8300
1627261238689000,0,3.85430000,17.8300
1627261238700000,0,4.56910000,17.8300
1627261238713000,0,1.89130000,17.8300
1627261238724000,0,9.14370000,17.8300
1627261238741000,0,4.48080000,17.8300
1627261238742000,0,3.19190000,17.8300
1627261238771000,0,2.44240000,17.8300
1627261238814000,0,640.00000000,17.8300
1627261238814000,0,5.67360000,17.8300
1627261238816000,0,17.05320000,17.8300
1627261238827000,0,5.66770000,17.8300
1627261238864000,0,9.15530000,17.8300
1627261238896000,0,4.44710000,17.8300
1627261238899000,0,5.15830000,17.8300
1627261238906000,0,3.45050000,17.8300
1627261238933000,0,3.99930000,17.8300
1627261238937000,0,2.94300000,17.8300
1627261238974000,0,27.23190000,17.8300
1627261238992000,0,1.61230000,17.8300
1627261238998000,0,11.15750000,17.8300
1627261239098000,0,1400.18918029,17.8300
1627261239156000,0,99.82530000,17.8300
1627261239157000,0,2.76510000,17.8300
1627261239294000,0,126.10570000,17.8300
1627261239295000,0,1.50900000,17.8300
1627261239308000,0,5.88480000,17.8300
1627261239505000,0,230.00000000,17.8300
1627261239633000,0,340.00000000,17.8300
1627261239634000,0,72.34320000,17.8300
1627261239635000,0,3.31600000,17.8300
1627261239678000,0,2.39480000,17.8300
1627261239713000,0,10.00000000,17.8300
1627261239923000,0,6.89420000,17.8300
1627261239950000,0,2.31620000,17.8300
1627261240002000,0,36.50730000,17.8300
1627261240023000,0,2.43710000,17.8300
1627261240035000,0,2.04540000,17.8300
1627261240036000,0,2.13350000,17.8300
1627261240057000,0,2.21060000,17.8300
1627261240067000,0,9.23720000,17.8300
1627261240095000,0,2.36740000,17.8300
1627261240096000,0,6.48100000,17.8300
1627261240101000,0,11.44110000,17.8300
1627261240105000,0,2.31620000,17.8300
1627261240128000,0,1399.32074690,17.8300
1627261240169000,0,29.68190000,17.8300
1627261240203000,0,2.43710000,17.8300
1627261240203000,0,2.13350000,17.8300
1627261240213000,0,15.10750000,17.8300
1627261240214000,0,3.95150000,17.8300
1627261240235000,0,2.74150000,17.8300
1627261240257000,0,7.00460000,17.8300
1627261240259000,0,2.91270000,17.8300
1627261240259000,0,18.27230000,17.8300
1627261240307000,0,13.58240000,17.8300
1627261240326000,0,27.89730000,17.8300
1627261240362000,0,7.02210000,17.8300
1627261240369000,0,17.30090000,17.8300
1627261240383000,0,2.28680000,17.8300
1627261240399000,0,3.10590000,17.8300
1627261240413000,0,9.74620000,17.8300
1627261240445000,0,279.78572207,17.8300
1627261240456000,0,5.66440000,17.8300
1627261240461000,0,11.62660000,17.8300
1627261240465000,0,2.32040000,17.8300
1627261240501000,0,10.78990000,17.8300
1627261240504000,0,21.42170000,17.8300
1627261240530000,0,3.85620000,17.8300
1627261240532000,0,720.00000000,17.8300
1627261240563000,0,13.44500000,17.8300
1627261240588000,0,2.03120000,17.8300
1627261240765000,0,39.98490000,17.8300
1627261240894000,0,6.25000000,17.8300
1627261240930000,0,67.09900000,17.8300
1627261240961000,0,8.91120000,17.8300
1627261240965000,0,2.59490000,17.8300
1627261240973000,0,3.37980000,17.8300
1627261240988000,0,22.04650000,17.8300
1627261240993000,0,4.35330000,17.8300
1627261241004000,0,3.43550000,17.8300
1627261241025000,0,15.23670000,17.8300
1627261241053000,0,15.33730000,17.8300
1627261241056000,0,5.67400000,17.8300
1627261241110000,0,42.93220000,17.8300
1627261241138000,0,15.68610000,17.8300
1627261241143000,0,1398.32666024,17.8300
1627261241145000,0,1.60660000,17.8300
1627261241145000,0,2.58350000,17.8300
1627261241283000,0,4.15760000,17.8300
1627261241300000,0,5.72290000,17.8300
1627261241346000,0,34.19200000,17.8300
1627261241377000,0,55.51700000,17.8300
1627261241384000,0,13.80600000,17.8300
1627261241386000,0,2136.99000000,17.8300
1627261241411000,0,47.11160000,17.8300
1627261241646000,0,1397.92842433,17.8300
1627261241759000,0,70.09257894,17.8300
1627261241789000,0,279.64347381,17.8300
1627261242064000,0,183.84458588,17.8300
1627261242077000,0,540.00000000,17.8300
1627261242334000,0,1000.00000000,17.8300
1627261242430000,0,112.46775098,17.8300
1627261242482000,0,2066.49000000,17.8300
1627261242589000,0,76.34257894,17.8300
1627261242668000,0,47.11160000,17.8300
1627261242676000,0,71.00000000,17.8300
1627261242687000,0,1396.52451206,17.8300
1627261242897000,0,279.64347381,17.8300
1627261242926000,0,47.11160000,17.8300
1627261242958000,0,402.91848798,17.8300
1627261243082000,0,1370.00000000,17.8300
1627261243260000,0,1250.00000000,17.8300
1627261243567000,0,10.00000000,17.8300
1627261243713000,0,1069.74991032,17.8300
1627261243823000,0,47.11160000,17.8300
1627261243987000,0,279.64347381,17.8300
1627261244011000,0,2070.00000000,17.8300
1627261244228000,0,31.79800000,17.8300
1627261244355000,0,66.40966539,17.8300
1627261244394000,0,2089.38880758,17.8300
1627261244438000,0,1000.00000000,17.8300
1627261244581000,0,1075.96000000,17.8300
1627261244601000,0,20.00000000,17.8300
1627261244831000,0,112.55019629,17.8300
1627261244905000,0,1188.40099809,17.8300
1627261245357000,0,80.00000000,17.8300
1627261245373000,0,3.81537996,17.8300
1627261245392000,0,756.90871245,17.8300
1627261245468000,0,2.32836757,17.8500
1627261245468000,0,10.17163243,17.8500
1627261245511000,0,33.13926322,17.8500
1627261245539000,0,2.11235835,17.9000
1627261245539000,0,0.79522690,17.9600
1627261255163000,1,55.91745677,17.9300
1627261255163000,1,5.08656323,17.9300
1627261255829000,1,2.03491301,17.9200
1627261257349000,1,478.00000000,17.9700
1627261261287000,0,12.50000000,17.9800
1627261261760000,0,173.24412172,17.9800
1627261261788000,0,313.99892733,17.9800
1627261261799000,0,39.04798328,17.9800
1627261261813000,0,48.05238542,17.9800
1627261261817000,0,251.42900707,17.9800
1627261261949000,0,47.30593853,17.9800
1627261261954000,0,100.05850088,17.9800
1627261262085000,0,46.69443754,17.9800
1627261262198000,0,48.52198685,17.9800
1627261262212000,0,49.15376959,17.9800
1627261263378000,0,43.27740681,17.9800
1627261265081000,0,12.50000000,18.0000
1627261267071000,0,0.50000000,18.0000
1627261267627000,0,154.11898509,18.0500
1627261268418000,1,20.00000000,18.0600
1627261268527000,1,20.00000000,18.0500
1627261268581000,1,20.00000000,18.0500
1627261268592000,1,430.13299678,18.0500
1627261278434000,0,6.10473905,18.0500
1627261287119000,0,17.45260000,18.1000
1627261287172000,0,2.54740000,18.1000
1627261288017000,0,43.30229066,18.1000
1627261288614000,0,1.66405280,18.1000
1627261290520000,0,2.29280992,18.1300
1627261292108000,0,46.25550000,18.1600
1627261292619000,0,46.25550000,18.1600
1627261306553000,1,20.00000000,18.1900
1627261308953000,0,20.00000000,18.2400
1627261309017000,1,12.50000000,18.2400
1627261309065000,1,51.00000000,18.2400
1627261309066000,1,450.50000000,18.2400
1627261313313000,0,190.00000000,18.2500
1627261313313000,0,196.05755571,18.2600
1627261313313000,0,161.20652707,18.2600
1627261313313000,0,4.99196541,18.2700
1627261313313000,0,4.88673136,18.2800
1627261313313000,0,148.49332803,18.2900
1627261318379000,1,2.84575981,18.2300
1627261318445000,0,110.00000000,18.2800
1627261318445000,0,4.93819748,18.2900
1627261318445000,0,411.37170129,18.3000
1627261318445000,0,5.11090619,18.3000
1627261318445000,0,728.44327628,18.3100
1627261319066000,1,7.00000000,18.2300
1627261323454000,0,8.71198124,18.2800
1627261323523000,1,12.50000000,18.2600
1627261323523000,1,7.50000000,18.2500
1627261323727000,1,20.00000000,18.2500
1627261327705000,0,52.78689612,18.2500
1627261327779000,0,1.19118388,18.2500
1627261329315000,0,54.37080000,18.2800
1627261329368000,0,0.00009714,18.2800
1627261333044000,1,382.00000000,18.2800
1627261334362000,0,35.97870000,18.2900
1627261336245000,0,158.29460000,18.3000
1627261337659000,1,55.33660000,18.2700
1627261337943000,1,0.00001740,18.2700
1627261337943000,1,4.80469816,18.2600
1627261337943000,1,19.99988444,18.2600
1627261338029000,1,5.17960000,18.2700
1627261338452000,1,12.50000000,18.2600
1627261338983000,0,109.99999999,18.2700
1627261339748000,0,110.00000000,18.2900
1627261339748000,0,54.22835738,18.3000
1627261345026000,1,402.00000000,18.2900
1627261345084000,1,18.00000000,18.2900
1627261347313000,1,147.44020000,18.2800
1627261347730000,1,0.00003522,18.2800
1627261347730000,1,55.21616478,18.2700
1627261348345000,0,110.00000000,18.3000
1627261348762000,1,55.15310000,18.2800
1627261349841000,0,110.00000000,18.2900
1627261349841000,0,216.25562549,18.3000
1627261350188000,0,141.36025835,18.2900
1627261350294000,0,138.63974165,18.2900
1627261352817000,1,0.00007286,18.2800
1627261352817000,1,6.93992714,18.2800
1627261355020000,1,27.16920000,18.2900
1627261355021000,1,26.91499901,18.2900
1627261355025000,1,245.18910000,18.2800
1627261355271000,0,110.00000000,18.3100
1627261355271000,0,252.27005692,18.3200
1627261355939000,0,110.00000000,18.3100
1627261355939000,0,66.27060308,18.3200
1627261355939000,0,110.00000000,18.3300
1627261356166000,1,27.16920000,18.2800
1627261356352000,1,0.00007273,18.2800
1627261356352000,1,45.95182727,18.2800
1627261356557000,1,55.02460000,18.2900
1627261357032000,1,0.00000360,18.2900
1627261357032000,1,348.00000000,18.2900
1627261357544000,0,210.00000000,18.2900
1627261357544000,0,100.00000000,18.2900
1627261357544000,0,671.89427000,18.3100
1627261359055000,1,440.00000000,18.2800
1627261359276000,1,440.00000000,18.2800
1627261360591000,1,54.00320000,18.2800
1627261361022000,0,110.00000000,18.3000
1627261361804000,0,110.00000000,18.3300
1627261361804000,0,12.50000000,18.3400
1627261361808000,1,440.00000000,18.2900
1627261362220000,1,526.71070000,18.2900
1627261362290000,0,110.00000000,18.3100
1627261362290000,0,20.00000000,18.3200
1627261362290000,0,294.11801230,18.3300
1627261362323000,1,390.00000000,18.2900
1627261363065000,0,178.64604770,18.3300
1627261363065000,0,110.00000000,18.3300
1627261363065000,0,18.00000000,18.3300
1627261364141000,0,110.00000000,18.3400
1627261364846000,0,532.25916256,18.3400
1627261365524000,0,87.50451744,18.3400
1627261366048000,0,307.32728000,18.3400
1627261367270000,0,12.50000000,18.3300
1627261367270000,0,437.46316000,18.3400
1627261367270000,0,4.92852007,18.3400
1627261367659000,0,384.66221450,18.3300
1627261367807000,1,5.09687965,18.2900
1627261367807000,1,1.83312035,18.2900
1627261368400000,0,154.46111550,18.3300
1627261368400000,0,213.07827524,18.3300
1627261368886000,0,232.34477903,18.3300
1627261368886000,0,116.62069760,18.3400
1627261369115000,1,323.76456116,18.3000
1627261369116000,1,10.05760000,18.3000
1627261369117000,1,2.29520000,18.3000
1627261369132000,1,5.71780000,18.3000
1627261369134000,1,33.98800000,18.3000
1627261369143000,1,9.41480000,18.3000
1627261369153000,1,24.44270000,18.3000
1627261369158000,1,15.16710000,18.3000
1627261369168000,1,2.98950000,18.3000
1627261369169000,1,8.07780000,18.3000
1627261369172000,1,2.47010000,18.3000
1627261369175000,1,27.61483884,18.3000
1627261369216000,1,20.00000000,18.3000
1627261371437000,0,20.00000000,18.3200
1627261371437000,0,116.62069000,18.3300
1627261376486000,0,318.54066494,18.3300
1627261377137000,0,115.05753506,18.3300
1627261377137000,0,2.00000000,18.3300
1627261378266000,0,25.46460000,18.3300
1627261383180000,1,20.00000000,18.3200
1627261383352000,1,221.36144000,18.3100
1627261383548000,1,135.27712000,18.3100
1627261383650000,1,18.00000000,18.3200
1627261383707000,1,203.36144000,18.3100
1627261383797000,1,18.00000000,18.3100
1627261389348000,1,87.67710000,18.2700
1627261392147000,1,153.64278923,18.2600
1627261392147000,1,194.38013992,18.2600
1627261392147000,1,5.06067085,18.2600
1627261393969000,1,135.36144000,18.2500
1627261394034000,1,140.00000000,18.2500
1627261394083000,1,80.00000000,18.2500
1627261394135000,1,110.00000000,18.2500
1627261394181000,1,196.00000000,18.2500
1627261396956000,1,29.98500000,18.2300
1627261398078000,1,378.67433466,18.2300
1627261398078000,1,135.32566534,18.2300
1627261399193000,1,54.58881578,18.2400
1627261399193000,1,325.41118422,18.2300
1627261399250000,1,380.00000000,18.2300
1627261399298000,1,104.67433000,18.2300
1627261400668000,1,54.58880000,18.2300
1627261400996000,0,529.91650000,18.2300
1627261401106000,0,138.21808141,18.2300
1627261401106000,0,55.44456640,18.2400
1627261401106000,0,4.91928953,18.2500
1627261401106000,0,5.17007385,18.2600
1627261401694000,1,40.42250000,18.2200
1627261401714000,1,7.36220000,18.2200
1627261401772000,1,46.89000000,18.2200
1627261401908000,0,47.78470000,18.2300
1627261401945000,0,6.80410000,18.2300
1627261402366000,1,30.11500000,18.2200
1627261402375000,1,7.68840000,18.2200
1627261402423000,1,12.31800000,18.2200
1627261402444000,1,2.47470000,18.2200
1627261402447000,1,30.96020000,18.2200
1627261402488000,1,4.67750000,18.2200
1627261402489000,1,40.34760000,18.2200
1627261402491000,1,17.25100000,18.2200
1627261402491000,1,2.38200000,18.2200
1627261402504000,1,6.20430000,18.2200
1627261402645000,1,11.39570000,18.2200
1627261402647000,1,2.38200000,18.2200
1627261402778000,1,3.42540000,18.2200
1627261402972000,0,0.00002000,18.2300
1627261404862000,1,156.12019000,18.2200
1627261404963000,1,409.17581000,18.2200
1627261405192000,1,168.40750000,18.2200
1627261405953000,0,3.08590000,18.2400
1627261407270000,0,4.97660000,18.2300
1627261408653000,0,5.02100000,18.2300
1627261409666000,1,409.17581000,18.2000
1627261410230000,0,4.98549491,18.2300
1627261411044000,0,12.50000000,18.2200
1627261412305000,1,0.00000165,18.2000
1627261413548000,1,12.50000000,18.2000
1627261414037000,0,4.88260000,18.2400
1627261414626000,0,4.90300000,18.2400
1627261416984000,1,158.17203000,18.1800
1627261424287000,0,20.00000000,18.2100
1627261424929000,1,205.26667230,18.1500
1627261424929000,1,1.91883770,18.1500
1627261427705000,0,18.00000000,18.2000
1627261428854000,0,148.12281048,18.1900
1627261428854000,0,197.91157995,18.2000
1627261429360000,0,206.98902005,18.2000
1627261434029000,1,2.08426231,18.1400
1627261434029000,1,20.00000000,18.1400
1627261434188000,1,5.01278213,18.1300
1627261434188000,1,149.05108787,18.1300
1627261441483000,1,12.50000000,18.1900
1627261443987000,0,20.00000000,18.2300
1627261444078000,1,1110.00000000,18.2300
1627261446814000,0,52.85855263,18.2400
1627261447076000,0,154.51025827,18.2400
1627261447076000,0,151.89334152,18.2400
1627261451869000,1,20.00000000,18.2900
1627261451970000,1,18.00000000,18.2900
1627261454701000,0,19.60000000,18.3300
1627261454906000,0,19.60000000,18.3200
1627261455862000,1,20.00000000,18.2600
1627261461914000,0,20.00000000,18.3200
1627261470681000,1,20.00000000,18.2200
1627261470681000,1,18.95127000,18.2100
1627261470737000,1,20.00000000,18.2100
1627261473137000,0,160.53287594,18.2700
1627261473137000,0,211.13780210,18.2700
1627261475967000,0,20.00000000,18.2600
1627261475967000,0,980.00000000,18.2700
1627261476051000,0,20.00000000,18.2600
1627261476077000,0,20.00000000,18.2700
1627261476123000,0,116.30440000,18.2800
1627261476172000,0,880.00000000,18.2800
1627261477243000,1,110.00000000,18.2900
1627261477870000,1,20.00000000,18.2600
1627261478202000,1,20.00000000,18.2500
1627261478778000,0,11.85776366,18.2600
1627261478827000,0,281.85120000,18.2700
1627261478827000,0,718.14880000,18.2700
1627261484398000,0,440.00000000,18.2500
1627261485210000,0,527.39310000,18.2500
1627261485380000,0,6.00000000,18.2500
1627261487329000,0,6.00000000,18.2400
1627261487593000,0,46.02739000,18.2500
1627261498039000,1,273.40632365,18.2200
1627261498087000,1,4.82746966,18.2100
1627261498087000,1,152.62023034,18.2100
1627261498446000,1,1130.00000000,18.2300
1627261501234000,1,46.15380000,18.2000
1627261505082000,1,20.00000000,18.2100
1627261506694000,1,148.61750000,18.1900
1627261507631000,1,273.84640000,18.1800
1627261509932000,1,0.00000620,18.1800
1627261509932000,1,17.99999380,18.1700
1627261510614000,1,273.79113896,18.1600
1627261510614000,1,4.91376104,18.1600
1627261511018000,1,273.79110000,18.1600
1627261514033000,0,47.28480000,18.2000
1627261521372000,0,20.00000000,18.2000
1627261523481000,0,18.00000000,18.2000
1627261529791000,0,19.16270000,18.2000
1627261529794000,0,2.00190000,18.2000
1627261529805000,0,4.24970000,18.2000
1627261529821000,0,1.92460000,18.2000
1627261529828000,0,19.26370000,18.2000
1627261529857000,0,0.68229000,18.2000
1627261543755000,0,158.84041076,18.2400
1627261543755000,0,281.15958924,18.2400
1627261543845000,0,440.00000000,18.2400
1627261543953000,0,440.00000000,18.2400
1627261558991000,1,46.20460000,18.1800
1627261559239000,1,0.00003896,18.1600
1627261561839000,0,5.00000000,18.2000
1627261563246000,0,849.11360000,18.2000
1627261598822000,1,5.00000000,18.1000
1627261662609000,1,110.00000000,17.9700
1627261680983000,1,20.00000000,17.9100
1627261680983000,1,4.86896144,17.8900
1627261680983000,1,5.05938865,17.8700
1627261680983000,1,8.93363538,17.8700
1627261681569000,1,110.00000000,17.9000
1627261682772000,1,12.50000000,17.8900
1627261685105000,1,110.00000000,17.8800
1627261685243000,1,18.00000000,17.8800
1627261689022000,1,457.32680000,17.8600
1627261689214000,1,5.06130000,17.8500
1627261690699000,1,14.10860000,17.8400
1627261690729000,1,3.72420000,17.8400
1627261707873000,0,20.00000000,17.9200
1627261707995000,0,31.32230000,17.9300
1627261708007000,0,9.40260000,17.9300
1627261708007000,0,2.81130000,17.9300
1627261708030000,0,3.94730000,17.9300
1627261708306000,0,2.16080000,17.9300
1627261708316000,0,3.11650000,17.9300
1627261708331000,0,8.73310000,17.9300
1627261708353000,0,14.00700000,17.9300
1627261720122000,0,18.00000000,17.9800
1627261720579000,0,8.71857000,17.9800
1627261721329000,0,9.96650000,17.9800
1627261727133000,0,46.66666000,18.0000
1627261727185000,0,2.27610000,18.0000
1627261727194000,0,19.97620000,18.0000
1627261727300000,0,2.80600000,18.0000
1627261727308000,0,8.97830000,18.0000
1627261727365000,0,2.97920000,18.0000
1627261727406000,0,3.59550000,18.0000
1627261727556000,0,28.78300000,18.0000
1627261727582000,0,1.50240000,18.0000
1627261727719000,0,18.23910000,18.0000
1627261727735000,0,2.08140000,18.0000
1627261727795000,0,6.05930000,18.0000
1627261727808000,0,2.30550000,18.0000
1627261727845000,0,14.02150000,18.0000
1627261727854000,0,0.50886349,18.0000
1627261752766000,0,14.90830000,18.0800
1627261752779000,0,6.08330000,18.0800
1627261752789000,0,7.02060000,18.0800
1627261752800000,0,1.51940000,18.0800
1627261752803000,0,7.63130000,18.0800
1627261752814000,0,6.19380000,18.0800
1627261752856000,0,4.83240000,18.0800
1627261787830000,1,180.00000000,18.0100
1627261790476000,1,110.00000000,18.0000
1627261790624000,1,38.51469000,18.0000
1627261825395000,0,47.28489000,18.1000
1627261841722000,1,155.18930000,18.0400
1627261842277000,1,229.93600000,18.0300
1627261844975000,1,46.61487000,18.0200
1627261844975000,1,110.00000000,18.0200
1627261850565000,0,176.85700000,18.0300
1627261858924000,1,20.00000000,17.9600
1627261861040000,0,155.18930000,18.0000
1627261862335000,0,119.94000000,18.0200
1627261866198000,0,20.00000000,18.0900
1627261866367000,0,65.84740000,18.1000
1627261866421000,0,5.15260000,18.1000
1627261920213000,0,8.49620000,18.1100
1627261961765000,0,189.51444000,18.2100
1627261970962000,1,5.03546954,18.1600
1627261971103000,1,149.96170000,18.1500
1627261971111000,1,5.49220000,18.1500
1627261972159000,1,12.50000000,18.1500
1627262024733000,1,110.00000000,18.2000
1627262031950000,0,27.42786615,18.2300
1627262044081000,1,14.01060000,18.2200
1627262044375000,1,155.48803000,18.2200
1627262044646000,1,0.00000499,18.2200
1627262092419000,0,58.56370000,18.2200
1627262176955000,0,42.02280887,18.1000
1627262177287000,0,110.73000000,18.1000
1627262177377000,0,69.65000000,18.1000
1627262177438000,0,9.31989071,18.1000
1627262188588000,0,39.67960000,18.1000
1627262188615000,0,5.39890000,18.1000
1627262188617000,0,1.80720000,18.1000
1627262188624000,0,2.79570000,18.1000
1627262188628000,0,2.37570000,18.1000
1627262188959000,0,17.43810000,18.1000
1627262188973000,0,5.47030000,18.1000
1627262188980000,0,16.95070000,18.1000
1627262188999000,0,10.42839112,18.1000
1627262209194000,1,50.00000000,18.0900
1627262237818000,0,276.55193474,18.1000
1627262237818000,0,167.54140862,18.1000
1627262237863000,0,276.42602640,18.1100
1627262237863000,0,276.36281478,18.1200
1627262237863000,0,55.40838851,18.1200
1627262237863000,0,110.00000000,18.1300
1627262237863000,0,276.26444224,18.1300
1627262237863000,0,1225.85832807,18.1300
1627262237871000,0,250.07342920,18.1400
1627262237882000,0,303.31199916,18.1400
1627262237940000,0,276.55193474,18.1000
1627262238083000,0,47.71411184,18.1400
1627262238919000,1,91.91620000,18.1600
1627262238924000,0,82.88079000,18.1700
1627262239486000,1,949.74643853,18.1600
1627262240215000,0,0.00000528,18.1700
1627262240215000,0,370.00000000,18.1900
1627262240468000,1,110.00000000,18.1800
1627262240468000,1,176.85700000,18.1700
1627262240468000,1,274.90117831,18.1400
1627262240536000,0,356.90440000,18.1400
1627262240749000,0,0.00000169,18.1400
1627262261296000,1,46.23000000,18.1700
1627262265467000,1,24.77000000,18.1600
1627262265585000,1,21.48550000,18.1600
1627262265707000,1,301.57068000,18.1600
1627262266203000,1,790.20183000,18.1600
1627262267012000,0,166.52920190,18.1600
1627262293883000,0,820.00000000,18.2000
1627262293919000,0,3380.00000000,18.2000
1627262300897000,0,84.51754385,18.2400
1627262306590000,0,10.80360000,18.2500
1627262306624000,0,2.00770000,18.2500
1627262307016000,0,151.13789844,18.2500
1627262343331000,1,12.81130000,18.1700
1627262343377000,1,261.71250000,18.1700
1627262353179000,1,274.88270000,18.1500
1627262353338000,1,0.00009096,18.1500
1627262355441000,1,55.40830000,18.1200
1627262355694000,1,0.00008851,18.1200
1627262355694000,1,56.18701149,18.1200
1627262355735000,1,0.00003059,18.1200
1627262366089000,1,95.89610000,18.1000
1627262366251000,1,0.00008994,18.1000
1627262370823000,0,195.46583260,18.1200
1627262370823000,0,144.93276740,18.1200
1627262425286000,0,18.86070000,18.1400
1627262425631000,0,5.93520000,18.1500
1627262425659000,0,1.89700000,18.1500
1627262425698000,0,13.83580000,18.1500
1627262478535000,1,20.00000000,18.0900
1627262485873000,1,2.52870000,18.0700
1627262485877000,1,15.47130000,18.0700
1627262497080000,1,2.52870000,18.0600
1627262497422000,1,207.71355382,18.0600
1627262498074000,1,325.75770000,18.0600
1627262524468000,0,3.78258600,18.0500
1627262525094000,1,12.15220000,18.0400
1627262525997000,0,4.20442700,18.0500
1627262546340000,0,20.00000000,18.1000
1627262546340000,0,4.86735938,18.1100
1627262546340000,0,212.41043376,18.1100
1627262563379000,0,58.54210381,18.1200
1627262568682000,0,18.00000000,18.1200
1627262574999000,0,14.44762954,18.1400
1627262584349000,0,3.55774531,18.1400
1627262618359000,1,18.00000000,18.1000
1627262624547000,0,62.46470000,18.1300
1627262624556000,0,2.00900000,18.1300
1627262624602000,0,41.44040000,18.1300
1627262625956000,0,129.73780000,18.1500
1627262626884000,0,0.00005661,18.1500
1627262658734000,1,105.91410000,18.1700
1627262658971000,0,4.81700000,18.1800
1627262660973000,1,4.81700000,18.1700
1627262661096000,1,411.26890000,18.1700
1627262705038000,0,14.00000000,18.2400
1627262707675000,1,14.00000000,18.2200
1627262714820000,0,3.08440000,18.2500
1627262718499000,0,0.00004691,18.2500
1627262721846000,1,20.00000000,18.2700
1627262721846000,1,154.10797696,18.2600
1627262721945000,1,20.00000000,18.2700
1627262721945000,1,237.89200000,18.2600
1627262722517000,0,98.04760000,18.2700
1627262722520000,0,9.57450000,18.2700
1627262722536000,0,5.05630000,18.2700
1627262722551000,0,27.04620000,18.2700
1627262722561000,0,2.51360000,18.2700
1627262722592000,0,24.47340000,18.2700
1627262722604000,0,5.59120000,18.2700
1627262722605000,0,2.93830000,18.2700
1627262733901000,1,5.98003900,18.2600
1627262770626000,0,20.00000000,18.2800
1627262770687000,0,20.00000000,18.2900
1627262770687000,0,209.60618096,18.3000
1627262770964000,0,12.50000000,18.2900
1627262771131000,1,178.32550000,18.2900
1627262772126000,1,5.16569000,18.2900
1627262773774000,0,8.44621625,18.3500
1627262777247000,0,2.25660000,18.3400
1627262777370000,0,0.00005600,18.3400
1627262777465000,1,381.79508000,18.3400
1627262777537000,0,235.10030000,18.3400
1627262778105000,1,4.48502900,18.3100
1627262779124000,0,164.89970000,18.3400
1627262779124000,0,4.00000000,18.3400
1627262779206000,1,289.88868000,18.3400
1627262779825000,0,1.24857100,18.3300
1627262779825000,0,13.41622900,18.3400
1627262779854000,0,1.99770000,18.3400
1627262779880000,0,2.10820000,18.3400
1627262781878000,0,1.92330100,18.3300
1627262783059000,0,37.67767497,18.3400
1627262797213000,1,504.00000000,18.3300
1627262797213000,1,110.00000000,18.3300
1627262797256000,1,272.46754111,18.3100
1627262797256000,1,38.11813228,18.3100
1627262798388000,0,2.30450000,18.3300
1627262798416000,0,2.02310000,18.3300
1627262798430000,0,8.17240000,18.3300
1627262800879000,0,4.10660000,18.3500
1627262800889000,0,3.43860000,18.3500
1627262800904000,0,2.79500000,18.3500
1627262800931000,0,1.55960000,18.3500
1627262801177000,0,2.35010000,18.3500
1627262801194000,0,27.48450000,18.3500
1627262801195000,0,1.68330000,18.3500
1627262801210000,0,2.18440000,18.3500
1627262801224000,0,1.49290000,18.3500
1627262801229000,0,3.49970000,18.3500
1627262801559000,0,165.95900000,18.3500
1627262801611000,0,0.00008375,18.3500
1627262801732000,0,47.90784273,18.3700
1627262827565000,1,163.32740000,18.3400
1627262843089000,0,1.16727714,18.3700
1627262847887000,0,1.44247600,18.3900
1627262847887000,0,2.25832197,18.4000
1627262847887000,0,0.55105699,18.4000
1627262847888000,0,86.03990000,18.4000
1627262847981000,0,55.97486066,18.4000
1627262848003000,0,10.32423532,18.4000
1627262848020000,0,14.14359239,18.4000
1627262848208000,0,2.24116931,18.4100
1627262848208000,0,45.14583567,18.4100
1627262848271000,0,18.36355106,18.4100
1627262849285000,0,46.43926000,18.4100
1627262862344000,1,6.87000000,18.3700
1627262866623000,1,356.00000000,18.3800
1627262866623000,1,110.00000000,18.3800
1627262866623000,1,110.00000000,18.3700
1627262866623000,1,187.98038579,18.3700
1627262866623000,1,271.71254929,18.3700
1627262866623000,1,176.85700000,18.3700
1627262866623000,1,156.95684522,18.3600
1627262866623000,1,5.06689947,18.3600
1627262866623000,1,271.84935855,18.3600
1627262866623000,1,5.10638742,18.3500
1627262866623000,1,271.98850531,18.3500
1627262866623000,1,1078.51000000,18.3500
1627262866623000,1,317.28861113,18.3500
1627262873203000,0,180.00000000,18.4100
1627262873203000,0,68.87773588,18.4100
1627262874917000,0,4.97755472,18.4100
1627262878134000,1,226.16560000,18.4000
1627262878142000,1,5.83890000,18.4000
1627262886201000,0,2.08426230,18.4300
1627262886204000,0,0.00000001,18.4300
1627262892962000,1,350.00000000,18.4200
1627262892962000,1,544.00000000,18.4200
1627262892962000,1,193.67286225,18.4100
1627262892962000,1,5.03920317,18.4000
1627262892962000,1,271.24649849,18.4000
1627262892962000,1,151.76497749,18.4000
1627262892962000,1,143.93472969,18.4000
1627262897281000,1,6.86000000,18.4000
1627262901299000,1,9.93020000,18.4200
1627262911630000,0,39.51800541,18.4600
1627262911747000,0,18.01582484,18.4700
1627262911899000,0,15.99245330,18.4700
1627262913489000,0,28.20689994,18.4700
1627262913588000,0,12.16817645,18.4700
1627262920926000,1,424.00000000,18.4500
1627262922948000,1,271.06511559,18.4200
1627262922948000,1,176.85700000,18.4200
1627262922948000,1,110.00000000,18.4200
1627262922948000,1,271.16639888,18.4100
1627262922948000,1,189.64900653,18.4100
1627262922948000,1,5.01717301,18.4100
1627262922948000,1,270.81845113,18.4000
1627262922948000,1,91.75981966,18.4000
1627262922948000,1,4.93544659,18.4000
1627262922948000,1,87.79000000,18.4000
1627262922948000,1,180.59985970,18.3900
1627262957192000,1,174.47226000,18.4300
1627262957352000,1,78.73516568,18.4300
1627262957425000,1,76.79257000,18.4300
1627262979266000,0,320.00000000,18.4400
1627262979266000,0,202.84044775,18.4400
1627262979266000,0,97.34319104,18.4400
1627262986505000,1,188.55698707,18.4200
1627262986600000,1,213.20743000,18.4200
1627262986646000,1,128.23558000,18.4200
1627262989399000,1,265.18439591,18.4100
1627262989453000,1,282.81560000,18.4100
1627263010421000,0,32.19336818,18.4400
1627263012978000,0,161.23637180,18.4500
1627263041311000,1,53.95878524,18.4400
1627263041311000,1,266.04121476,18.4400
1627263041360000,1,125.95878000,18.4400
1627263056631000,0,40.02216216,18.5000
1627263059840000,1,430.00000000,18.4500
1627263059886000,1,152.00000000,18.4500
1627263061788000,0,57.47970000,18.4500
1627263072518000,1,54.64712267,18.4200
1627263072518000,1,0.00000001,18.4200
1627263082003000,0,156.21220000,18.4500
1627263140357000,0,176.85700000,18.4500
1627263140357000,0,271.26960000,18.4500
1627263160953000,0,0.00002279,18.4500
1627263160953000,0,176.85700000,18.4500
1627263160953000,0,48.28267721,18.4500
1627263161145000,0,0.00000517,18.4500
1627263229834000,0,2.49630000,18.4900
1627263229857000,0,1.49000000,18.4900
1627263229935000,0,4.85960000,18.4900
1627263229939000,0,168.01110000,18.4900
1627263265266000,1,8.84590000,18.4800
1627263309938000,1,486.00000000,18.4700
1627263348098000,0,214.49383784,18.5000
1627263348098000,0,2.00000000,18.5000
1627263348098000,0,44.67012324,18.5000
1627263348244000,0,5.32980000,18.5000
1627263348358000,0,0.00007676,18.5000
1627263389131000,1,6.82000000,18.4900
1627263396640000,1,100.00000000,18.5000
1627263397672000,0,3.71010000,18.5200
1627263417118000,0,1.61100000,18.5600
1627263419154000,1,3.71010000,18.5600
1627263419989000,1,2.45960000,18.5600
1627263424138000,1,29.45320630,18.5500
1627263424142000,1,1.72500000,18.5500
1627263424144000,1,17.56702939,18.5500
1627263424148000,1,2.17610000,18.5500
1627263424149000,1,313.07866431,18.5500
1627263474318000,1,6.80000000,18.5100
1627263492877000,1,290.97601000,18.5500
1627263492878000,1,185.02399000,18.5500
1627263493430000,0,24.01590000,18.5500
1627263493441000,0,8.76850000,18.5500
1627263493446000,0,1.75900000,18.5500
1627263493482000,0,2.60510000,18.5500
1627263493495000,0,2.65970000,18.5500
1627263493510000,0,11.31750000,18.5500
1627263493527000,0,7.12570000,18.5500
1627263493547000,0,1.80670000,18.5500
1627263493564000,0,4.43430000,18.5500
1627263493588000,0,11.91760000,18.5500
1627263555493000,1,6.80000000,18.6300
1627263558002000,0,49.99999999,18.6500
1627263558042000,0,0.00000001,18.6500
1627263577492000,1,52.98490000,18.6600
1627263589670000,1,6.77000000,18.6400
1627263590041000,0,228.01000000,18.6700
1627263590089000,0,29.31000000,18.6700
1627263590098000,0,6.00000000,18.6700
1627263592713000,0,2.17916302,18.6900
1627263594820000,1,6.77000000,18.6800
1627263596136000,0,0.04447271,18.6900
1627263599800000,1,6.77000000,18.6900
1627263601849000,1,59.23000000,18.6900
1627263602383000,0,173.31986000,18.7100
1627263605669000,1,1.64744644,18.6800
1627263610383000,1,1.65289255,18.7000
1627263617331000,1,64.94710000,18.7000
1627263624494000,1,6.75000000,18.7000
1627263637228000,1,25.51890000,18.7300
1627263637237000,1,2.74580000,18.7300
1627263637526000,1,66.30000000,18.7200
1627263637717000,0,11.20030000,18.7200
1627263637839000,0,148.79970000,18.7200
1627263638368000,0,107.80000000,18.7300
1627263646477000,1,1.63160000,18.7500
1627263648230000,1,64.36840000,18.7500
1627263649954000,1,2.11690000,18.7600
1627263649970000,1,4.59000000,18.7600
1627263649978000,1,14.71877171,18.7600
1627263649986000,1,2.56990000,18.7600
1627263649997000,1,2.86930000,18.7600
1627263649999000,1,39.53512829,18.7600
1627263650045000,1,440.00000000,18.7500
1627263650047000,1,2.00000000,18.7500
1627263655488000,1,6.75000000,18.7500
1627263659268000,0,8.00000000,18.7800
1627263662146000,0,153.15000000,18.7900
1627263664229000,0,3739.77000000,18.8000
1627263664229000,0,266.64275609,18.8100
1627263664229000,0,4.68591286,18.8100
1627263664229000,0,53.93407761,18.8100
1627263664229000,0,145.12858684,18.8100
1627263664229000,0,202.01193300,18.8100
1627263664229000,0,1629.59000000,18.8200
1627263664229000,0,266.21851114,18.8200
1627263664229000,0,176.85700000,18.8200
1627263664229000,0,335.22739307,18.8300
1627263669860000,1,25.91120000,18.7800
1627263669918000,1,22.23741792,18.7800
1627263669963000,1,10.42120000,18.7800
1627263669982000,1,4.58450000,18.7800
1627263669990000,1,2.54568208,18.7800
1627263675441000,0,52.82828282,18.8100
1627263675441000,0,110.00000000,18.8100
1627263675441000,0,262.89273064,18.8100
1627263679099000,1,65.90000000,18.7900
1627263683194000,0,266.14648495,18.8200
1627263683194000,0,173.85351505,18.8200
1627263685066000,1,66.30000000,18.7900
1627263692818000,1,65.90000000,18.7800
1627263696395000,1,65.70000000,18.7700
1627263696640000,0,52.61170212,18.8000
1627263696640000,0,38.08189788,18.8000
1627263696659000,0,5.15660000,18.8000
1627263697474000,0,16.74450000,18.8000
1627263700035000,1,66.50000000,18.7800
1627263704351000,1,197.01306057,18.7400
1627263704351000,1,66.09993943,18.7400
1627263709215000,1,66.20000000,18.7100
1627263710850000,1,66.10000000,18.6900
1627263712544000,1,66.70000000,18.6700
1627263715034000,1,6.72000000,18.6500
1627263715127000,1,59.78000000,18.6500
1627263716366000,1,66.60000000,18.6400
1627263718564000,1,66.30000000,18.6200
1627263724371000,1,66.80000000,18.6000
1627263733244000,0,440.00000000,18.6200
1627263736828000,1,110.00000000,18.6200
1627263745144000,0,268.91390000,18.6500
1627263745796000,0,0.00003307,18.6500
1627263745796000,0,268.99696693,18.6600
1627263746240000,0,0.00010984,18.6600
1627263746240000,0,94.94099016,18.6700
1627263746275000,0,197.92140000,18.6700
1627263746335000,0,17.77480000,18.6700
1627263746372000,0,92.42289241,18.6700
1627263749092000,0,14.38320000,18.6900
1627263749266000,0,14.38320000,18.6900
1627263788093000,1,66.40000000,18.7500
1627263789224000,1,16.64000000,18.7400
1627263808526000,1,53.82118000,18.7900
1627263810376000,1,53.74135000,18.7900
1627263810499000,1,0.00000177,18.7900
1627263810791000,1,65.80000000,18.7800
1627263811141000,1,64.66400000,18.7700
1627263813230000,1,1.43600000,18.7700
1627263816097000,1,66.40000000,18.7600
1627263816666000,1,66.30000000,18.7500
1627263816906000,1,16.15000000,18.7400
1627263819720000,1,65.90000000,18.7400
1627263819937000,1,15.06000000,18.7300
1627263819939000,1,80.65365850,18.7300
1627263819990000,1,53.12003325,18.7300
1627263820155000,1,5.13321368,18.7300
1627263820155000,1,60.78781247,18.7300
1627263832164000,1,23.53793005,18.7400
1627263832165000,1,42.36206995,18.7400
1627263838672000,1,66.00000000,18.7300
1627263843228000,1,11.93180000,18.7200
1627263843263000,1,6.45300000,18.7200
1627263843338000,1,18.86070000,18.7200
1627263843373000,1,3.70820000,18.7200
1627263843406000,1,1.72930000,18.7200
1627263843831000,1,7.11700000,18.7200
1627263844555000,1,9.41530000,18.7100
1627263844594000,1,4.37040000,18.7100
1627263844601000,1,4.46750000,18.7100
1627263844630000,1,17.57040000,18.7100
1627263844639000,1,7.54260000,18.7100
1627263844648000,1,13.36400000,18.7100
1627263844658000,1,4.15070000,18.7100
1627263844668000,1,3.94130000,18.7100
1627263845116000,1,21.66800000,18.6900
1627263845349000,1,6.52000000,18.6900
1627263845493000,1,48.69170569,18.6900
1627263845497000,1,10.28200000,18.6900
1627263845540000,1,22.83829431,18.6900
1627263845540000,1,19.50931628,18.6900
1627263845626000,1,15.79068372,18.6900
1627263848251000,1,25.70000000,18.6800
1627263852975000,1,13.10000000,18.6600
1627263854720000,1,12.90000000,18.6500
1627263883422000,1,13.30000000,18.6500
1627263923275000,1,12.69999999,18.5600
1627263923284000,1,0.00000001,18.5600
1627263923574000,1,2.07219624,18.5400
1627263923574000,1,12.89990376,18.5400
1627263934165000,1,20.00000000,18.4700
1627263934286000,1,18.00000000,18.4500
1627263934300000,1,53.67822318,18.4400
1627263934300000,1,54.45287107,18.4400
1627263934300000,1,12.80000000,18.4400
1627263934579000,0,13.54522000,18.4700
1627263935542000,0,0.00000686,18.4700
1627263935542000,0,12.49999314,18.4800
1627263938211000,1,110.00000000,18.4600
1627263938361000,1,189.59210000,18.4500
1627263954634000,0,34.12128876,18.4800
1627263976449000,0,20.00000000,18.5300
1627264054099000,1,12.02790000,18.4200
1627264054238000,1,0.00006300,18.4200
1627264054238000,1,153.32699567,18.4100
1627264054238000,1,19.99984133,18.4100
1627264054298000,1,20.00000000,18.4200
1627264055485000,1,4.80170000,18.4100
1627264058314000,0,4.80179100,18.4200
1627264061220000,1,0.00009100,18.4100
1627264061220000,1,54.09220900,18.4000
1627264061860000,1,271.59391413,18.3800
1627264061860000,1,158.34576799,18.3800
1627264061860000,1,45.70184000,18.3800
1627264063834000,1,1.97480000,18.3800
1627264068493000,1,54.29581294,18.3900
1627264068493000,1,13.20000000,18.3900
1627264068846000,1,0.00009300,18.3800
1627264068846000,1,4.80719605,18.3800
1627264068846000,1,54.86398258,18.3800
1627264068846000,1,271.59512837,18.3800
1627264072329000,1,0.00024887,18.3800
1627264072329000,1,54.82575113,18.3800
1627264075911000,0,110.00000000,18.3800
1627264080581000,1,2.60460000,18.3600
1627264094296000,1,0.00008300,18.3600
1627264094296000,1,12.90000000,18.3600
1627264094725000,1,13.10000000,18.3600
1627264095501000,1,2.16930000,18.3500
1627264095501000,1,0.00006900,18.3500
1627264095659000,1,12.80000000,18.3400
1627264098950000,1,13.40000000,18.3400
1627264099174000,1,13.30000000,18.3400
1627264099180000,1,151.79354136,18.3200
1627264099287000,1,120.63284626,18.3200
1627264099403000,1,13.00000000,18.3200
1627264099601000,1,200.00000000,18.3100
1627264099694000,1,45.87650000,18.3100
1627264099695000,1,0.00007000,18.3100
1627264110479000,0,419.03500000,18.3000
1627264110533000,0,16.00900000,18.3000
1627264110534000,0,841.95600000,18.3000
1627264122366000,0,2.20000000,18.3600
1627264126086000,1,13.40000000,18.3500
1627264131215000,1,13.40000000,18.3400
1627264131578000,1,13.20000000,18.3400
1627264132659000,1,12.49999999,18.3400
1627264132668000,1,0.00000001,18.3400
1627264139753000,0,145.15692905,18.3900
1627264141008000,0,55.13630000,18.4000
1627264141028000,0,6.95230000,18.4000
1627264145180000,0,5.06246500,18.4100
1627264146108000,1,13.40000000,18.3900
1627264153175000,0,110.00000000,18.4100
1627264163336000,0,7.46000000,18.4200
1627264163378000,0,0.00136300,18.4200
1627264173020000,0,67.57000000,18.4300
1627264175857000,0,5.59600000,18.4400
1627264175863000,0,0.00002200,18.4400
1627264176387000,0,4.15429400,18.4600
1627264177278000,1,13.10000000,18.4200
1627264177278000,1,53.63735070,18.4200
1627264177278000,1,47.10279568,18.4200
1627264177292000,1,224.01448669,18.4200
1627264180916000,0,20.00000000,18.4200
1627264180948000,0,54.81561821,18.4400
1627264180955000,0,20.00000000,18.4300
1627264180955000,0,54.98915400,18.4500
1627264180955000,0,174.24231824,18.4500
1627264180957000,0,97.42091418,18.4500
1627264181006000,0,54.81560000,18.4400
1627264181064000,0,18.00000000,18.4400
1627264206315000,1,191.29079356,18.4800
1627264206315000,1,21.43880644,18.4800
1627264206830000,1,2.06900000,18.4800
1627264206882000,1,2.97930000,18.4800
1627264206922000,1,5.31610000,18.4800
1627264206925000,1,2.37920000,18.4800
1627264206958000,1,1.95590000,18.4800
1627264207227000,1,363.86169000,18.4800
1627264251827000,0,14.69940000,18.4800
1627264318003000,1,20.00000000,18.3600
1627264318083000,1,13.10000000,18.3500
1627264318083000,1,20.00000000,18.3500
1627264318099000,0,6.90570000,18.3500
1627264318212000,0,27.18280000,18.3500
1627264318529000,0,20.00000000,18.3500
1627264407034000,1,13.00000000,18.4300
1627264407166000,1,41.08850000,18.4200
1627264440483000,0,20.00000000,18.4100
1627264682794000,1,13.10000000,18.5000
1627264710523000,1,1.35499113,18.4600
1627264710791000,1,11.54500000,18.4600
1627264769691000,1,5.70120000,18.4100
1627264779004000,0,5.70120000,18.4300
1627264914413000,0,5.23559000,18.4200
1627264915228000,0,2.62660000,18.4300
1627264916483000,0,3.27000000,18.4200
1627264916487000,0,0.00001900,18.4200
1627264953095000,0,0.00009300,18.4300
1627264954709000,0,2.45250000,18.4400
1627264955199000,0,0.00001500,18.4400
1627264955199000,0,1.83938500,18.4400
1627264959895000,0,0.00000100,18.4400
1627264959895000,0,1.37953900,18.4400
1627264962129000,0,4.00000000,18.4800
1627264965581000,1,13.30000000,18.4900
1627264973530000,1,12.70000000,18.4800
1627264976884000,1,13.20000000,18.4700
1627264978065000,1,12.80000000,18.4600
1627265014231000,1,12.80000000,18.4600
1627265017543000,1,2.39880000,18.4400
1627265017589000,1,5.78430000,18.4400
1627265017623000,1,1.56330000,18.4400
1627265017683000,1,3.55360000,18.4400
1627265017683000,1,0.12340000,18.4400
1627265017692000,1,1.68280000,18.4400
1627265017739000,1,1.86300000,18.4400
1627265017762000,1,2.24810000,18.4400
1627265017783000,1,6.69760000,18.4400
1627265048102000,1,2.23070000,18.3800
1627265048119000,1,2.07060000,18.3800
1627265048266000,1,8.89870000,18.3800
1627265147722000,1,13.29999999,18.4400
1627265147732000,1,0.00000001,18.4400
1627265164572000,1,8.04550000,18.4000
1627265164585000,1,5.05450000,18.4000
1627265165053000,1,15.84701483,18.3900
1627265165176000,1,20.00000000,18.3900
1627265202621000,1,8.68760000,18.3700
1627265226929000,0,60.90250000,18.3700
1627265258070000,1,13.10000000,18.3400
1627265258312000,1,20.40290000,18.3300
1627265258416000,1,0.00006677,18.3300
1627265258416000,1,12.80000000,18.3300
1627265258416000,1,0.00003323,18.3300
1627265258418000,1,12.80010000,18.3300
1627265269863000,0,13.10000000,18.3300
1627265272393000,1,19.85210000,18.3200
1627265272438000,1,0.00000367,18.3200
1627265282022000,0,64.50510000,18.3000
1627265282050000,0,0.00005841,18.3000
1627265291522000,0,64.42839507,18.3300
1627265304773000,0,440.00000000,18.3200
1627265307455000,1,20.08836597,18.3100
1627265307455000,1,50.21487403,18.3100
1627265307700000,1,0.00001087,18.3100
1627265323193000,1,1.73630000,18.3000
1627265323422000,1,18.46540586,18.3000
1627265333067000,0,1.73630000,18.3000
1627265338306000,1,13.50000000,18.2900
1627265338306000,1,20.67272791,18.2900
1627265338893000,1,20.68784617,18.2800
1627265340381000,1,154.19765369,18.2600
1627265340381000,1,133.92696079,18.2600
1627265340381000,1,20.60680236,18.2600
1627265340381000,1,51.51701681,18.2600
1627265340381000,1,79.75156635,18.2600
1627265340384000,1,97.10543365,18.2600
1627265340566000,1,20.00000000,18.2600
1627265340566000,1,273.01961759,18.2500
1627265340566000,1,146.98038241,18.2500
1627265340656000,1,20.00000000,18.2500
1627265341273000,1,133.92690000,18.2500
1627265344633000,0,64.64838344,18.2700
1627265344633000,0,161.61401656,18.2700
1627265344810000,0,0.00017753,18.2700
1627265344810000,0,16.37452247,18.2800
1627265344831000,0,1.63020000,18.2800
1627265344835000,0,5.20090000,18.2800
1627265344969000,0,396.94356430,18.2800
1627265373102000,1,13.10000000,18.2900
1627265373102000,1,10.10570000,18.2900
1627265373112000,1,11.92031895,18.2900
1627265373212000,1,55.06520000,18.2800
1627265373505000,1,0.00001843,18.2800
1627265373505000,1,143.21608390,18.2800
1627265373505000,1,220.00000000,18.2700
1627265373505000,1,76.78389767,18.2700
1627265373742000,0,22.03565297,18.2800
1627265382552000,0,11.92030000,18.2700
1627265382752000,0,52.72000000,18.2700
1627265382777000,0,0.00808344,18.2700
1627265396441000,1,12.90000000,18.2800
1627265405787000,0,144.50186431,18.3000
1627265405787000,0,64.52605743,18.3000
1627265407424000,1,13.59999999,18.2900
1627265407472000,1,0.00000001,18.2900
1627265413628000,0,324.06908000,18.3200
1627265413660000,0,0.00000094,18.3200
1627265423190000,1,3.47310000,18.3400
1627265423202000,1,2.54170000,18.3400
1627265424362000,1,19.07363982,18.3300
1627265424362000,1,47.68150170,18.3300
1627265427741000,1,12.90000000,18.3200
1627265427741000,1,19.07363000,18.3200
1627265432184000,1,18.76620818,18.3200
1627265432184000,1,46.91552044,18.3200
1627265432184000,1,13.29999138,18.3200
1627265442377000,1,18.67045000,18.3100
1627265443135000,0,64.43000000,18.3200
1627265443178000,0,0.00431042,18.3200
1627265443178000,0,2.88568958,18.3200
1627265443191000,0,17.11431042,18.3200
1627265446441000,1,45.88541780,18.2900
1627265446441000,1,18.27738220,18.2900
1627265448034000,1,2.59160000,18.2800
1627265453897000,0,64.48500000,18.3100
1627265453976000,0,0.00001172,18.3100
1627265474091000,1,13.59999999,18.3000
1627265474104000,1,0.00000001,18.3000
1627265500464000,0,64.38080000,18.3400
1627265500614000,0,0.00007880,18.3400
1627265511933000,0,20.00000000,18.3500
1627265530717000,1,18.83797450,18.3600
1627265530717000,1,47.09492550,18.3600
1627265550966000,1,18.50623000,18.3700
1627265550974000,1,0.00000980,18.3700
1627265551229000,1,46.27617000,18.3600
1627265551288000,1,0.00000748,18.3600
1627265551288000,1,18.50622252,18.3600
1627265592569000,0,18.00000000,18.3900
1627265592576000,0,8.60640000,18.3900
1627265592597000,0,37.58114804,18.3900
1627265605312000,1,45.68967797,18.4100
1627265605312000,1,18.27011744,18.4100
1627265605312000,1,118.76832357,18.4100
1627265605472000,1,54.66050000,18.4100
1627265605651000,1,0.00001058,18.4100
1627265606341000,1,45.69514287,18.4000
1627265650641000,1,16.05278000,18.4000
1627265669838000,0,64.15150000,18.4000
1627265670052000,0,0.00007177,18.4000
1627265686764000,1,12.79999999,18.3800
1627265686803000,1,0.00000001,18.3800
1627265692434000,1,14.40000000,18.3600
1627265692978000,1,14.19999999,18.3500
1627265695444000,0,64.30010000,18.3600
1627265712932000,0,18.00000000,18.4000
1627265717295000,0,64.09129944,18.4200
1627265720667000,1,12.90000000,18.4100
1627265720667000,1,18.84152000,18.4100
1627265832085000,1,4.62460000,18.4900
1627265832102000,1,3.48510000,18.4900
1627265832177000,1,12.28668999,18.4900
1627265845905000,1,20.20620000,18.4800
1627265846186000,1,48.66140000,18.4700
1627265848149000,0,70.74380000,18.4600
1627265923004000,0,146.41000000,18.5300
1627265955176000,1,22.22628577,18.5100
1627265955176000,1,55.55636716,18.5100
1627265955176000,1,13.19998707,18.5100
1627265956191000,1,0.00001293,18.5100
1627265959389000,1,13.20000000,18.5000
1627265963135000,1,4.79840000,18.4800
1627265963136000,1,5.19990000,18.4800
1627265963158000,1,1.51850000,18.4800
1627265963193000,1,1.28320000,18.4800
1627265967144000,1,21.82729666,18.4700
1627265974453000,1,21.73966000,18.4700
1627265991138000,0,37.00000000,18.4800
1627265991910000,1,27.54670000,18.4400
1627265991985000,1,6.83640000,18.4400
1627266071159000,1,53.96929578,18.4100
1627266071159000,1,21.58085825,18.4100
1627266071159000,1,140.29514597,18.4100
1627266087523000,0,53.41660000,18.4500
1627266113326000,1,3.24830000,18.4300
1627266113345000,1,2.22570000,18.4300
1627266113366000,1,4.92090000,18.4300
1627266113392000,1,2.71820000,18.4300
1627266113486000,1,2.15250000,18.4300
1627266188758000,1,8.76380000,18.4400
1627266188785000,1,3.93620000,18.4400
1627266197325000,0,27.96560000,18.4500
1627266199216000,1,12.80000000,18.4400
1627266220291000,0,12.80000000,18.4600
1627266250190000,1,12.80000000,18.4400
1627266251557000,1,13.40000000,18.4300
1627266300548000,1,13.00000000,18.4400
1627266374744000,0,3.23051948,18.4800
1627266439870000,1,20.24647967,18.4600
1627266462908000,0,213.94794000,18.4600
1627266463169000,0,26.20000000,18.4700
1627266463259000,0,244.78216729,18.4700
1627266463259000,0,63.94199259,18.4700
1627266463880000,0,63.88103000,18.4800
1627266467197000,1,13.30000000,18.4900
1627266476310000,0,13.30000000,18.5000
1627266483029000,1,20.65510000,18.5100
1627266505982000,1,7.30430000,18.4800
1627266506164000,1,13.25800000,18.4800
1627266527037000,0,43.87000000,18.5200
1627266527040000,0,132.98700000,18.5200
1627266533369000,1,19.93480000,18.5300
1627266544061000,1,13.20000000,18.5200
1627266574064000,0,270.23380000,18.5200
1627266574155000,0,0.00009146,18.5200
1627266586735000,1,12.90000000,18.5200
1627266594603000,1,13.30000000,18.5100
1627266600503000,1,12.70000000,18.4900
1627266601954000,1,12.90000000,18.4800
1627266623171000,0,61.15220000,18.5000
1627266639618000,1,19.89140000,18.5100
1627266639644000,1,0.00005378,18.5100
1627266696744000,1,14.53690000,18.5400
1627266696760000,1,2.56340000,18.5400
1627266696776000,1,2.65605143,18.5400
1627266696776000,1,49.39087858,18.5400
1627266704127000,1,7.62980000,18.5400
1627266704137000,1,3.56460000,18.5400
1627266704145000,1,4.95980000,18.5400
1627266704167000,1,1.75260000,18.5400
1627266704186000,1,1.74866842,18.5400
1627266704186000,1,0.33053158,18.5400
1627266704194000,1,2.73310000,18.5400
1627266704199000,1,9.83636842,18.5400
1627266734881000,1,18.96040000,18.5400
1627266734933000,1,0.00005609,18.5400
1627266746578000,0,39.81930000,18.5600
1627266757370000,0,269.96866532,18.5700
1627266757370000,0,63.59643193,18.5700
1627266776665000,0,28.42607113,18.5600
1627266777468000,1,11.29840000,18.5400
1627266777498000,1,2.10990000,18.5400
1627266813652000,1,16.59760000,18.5800
1627266813834000,1,0.00004886,18.5800
1627266814113000,1,42.05350000,18.5700
1627266814258000,1,0.00002817,18.5700
1627266814258000,1,16.46691790,18.5700
1627266839396000,1,12.90000000,18.5600
1627266840148000,1,6.79000000,18.5500
1627266840709000,1,5.91000000,18.5500
1627266845470000,1,39.53611230,18.5300
1627266845470000,1,15.81682770,18.5300
1627266845634000,1,0.00000531,18.5300
1627266847606000,1,39.53611230,18.5100
1627266847606000,1,12.61621442,18.5100
1627266848514000,0,39.93963224,18.5200
1627266848552000,0,23.80588668,18.5200
1627266848585000,0,159.35726301,18.5300
1627266860765000,1,16.87420000,18.5000
1627266860818000,1,0.00000649,18.5000
1627266866778000,1,13.10000000,18.5000
1627266873144000,0,20.00000000,18.5000
1627266873144000,0,142.23366405,18.5000
1627266889454000,0,85.54000000,18.5100
1627266917103000,0,63.61200000,18.5600
1627266936347000,0,46.22941304,18.5900
1627266936398000,0,17.29706721,18.5900
1627266936398000,0,30.87944378,18.5900
1627266936399000,0,86.52125140,18.5900
1627266936446000,0,24.91430000,18.5900
1627266951410000,1,6.79000000,18.6000
1627266960065000,0,3.24044069,18.6200
1627266960102000,0,12.21194400,18.6200
1627266975137000,1,10.14520000,18.6300
1627266975139000,1,3.87850000,18.6300
1627266975407000,1,1.78024840,18.6300
1627266982120000,1,6.79000000,18.6200
1627266987212000,1,12.80000000,18.6200
1627266995755000,1,15.73168827,18.6200
1627266995755000,1,12.80000000,18.6200
1627266996363000,1,39.33513337,18.6100
1627266996363000,1,13.30000000,18.6100
1627266996363000,1,15.73726424,18.6100
1627267016909000,1,6.78000000,18.6300
1627267023327000,1,38.42285251,18.6200
1627267023327000,1,15.37442034,18.6200
1627267034829000,0,8.00000000,18.6200
1627267038114000,1,2.24470000,18.6100
1627267052186000,1,6.78000000,18.6200
1627267054149000,1,3.72290000,18.6200
1627267087115000,1,6.78000000,18.6400
1627267103933000,1,15.22779000,18.6600
1627267104655000,1,3.93700000,18.6500
1627267121963000,1,6.76000000,18.6500
1627267127905000,0,15.92830000,18.6700
1627267128107000,0,20.00000000,18.6700
1627267128218000,0,27.29833795,18.6700
1627267136475000,1,1.50780000,18.6900
1627267136523000,1,2.10510000,18.6900
1627267136582000,1,6.99140000,18.6900
1627267136584000,1,2.27830000,18.6900
1627267136626000,1,2.32680000,18.6900
1627267141092000,1,15.20940843,18.6800
1627267141092000,1,921.44120157,18.6800
1627267141141000,1,640.00000000,18.6800
1627267141358000,1,190.00000000,18.6800
1627267141409000,1,335.66879000,18.6800
1627267147044000,1,2.02680000,18.6600
1627267147073000,1,2.22130000,18.6600
1627267147214000,1,1.88530000,18.6600
1627267147541000,1,1.97210000,18.6600
1627267147547000,1,1.91560000,18.6600
1627267147558000,1,3.03810000,18.6600
1627267147595000,1,0.04080000,18.6600
1627267154768000,1,15.07910000,18.6600
1627267157013000,1,6.76000000,18.6500
1627267157114000,1,6.34000000,18.6500
1627267211413000,1,12.50000000,18.6500
1627267225491000,1,13.20000000,18.6300
1627267234912000,1,15.59510000,18.6200
1627267235008000,1,0.00006616,18.6200
1627267236177000,1,15.60823361,18.6100
1627267237796000,1,4.95720000,18.6000
1627267237837000,1,1.54810000,18.6000
1627267237847000,1,2.62080000,18.6000
1627267237853000,1,3.09800000,18.6000
1627267237874000,1,1.64060000,18.6000
1627267237883000,1,1.74350000,18.6000
1627267237918000,1,0.00003361,18.6000
1627267238040000,1,13.00000000,18.5900
1627267238040000,1,74.10339596,18.5900
1627267238074000,1,27.35374105,18.5900
1627267238074000,1,39.02855005,18.5900
1627267238074000,1,20.00000000,18.5900
1627267238115000,1,16.49500000,18.5900
1627267238121000,1,3.50500000,18.5900
1627267239471000,1,11.19353052,18.5800
1627267239519000,1,4.36310671,18.5800
1627267239915000,1,38.89159308,18.5700
1627267239915000,1,101.12174452,18.5700
1627267240101000,1,15.55663723,18.5700
1627267240874000,1,15.49114842,18.5600
1627267240874000,1,38.72787106,18.5600
1627267270597000,1,13.58975077,18.5400
1627267279375000,1,13.46791363,18.5300
1627267320029000,1,13.28048000,18.5200
1627267343206000,0,270.31532000,18.5200
1627267344003000,0,54.50000000,18.5300
1627267370538000,0,5.87180000,18.5100
1627267370639000,0,36.62820000,18.5100
1627267379357000,1,33.07317942,18.4900
1627267379357000,1,13.23295025,18.4900
1627267379503000,1,86.01610000,18.4800
1627267379630000,1,0.00003748,18.4800
1627267379905000,1,33.07317942,18.4700
1627267379905000,1,13.23295025,18.4700
1627267398838000,0,59.50000000,18.5100
1627267399984000,0,51.00000000,18.5200
1627267403802000,1,12.23151036,18.5200
1627267403809000,1,0.00000001,18.5200
1627267404176000,1,110.00000000,18.5000
1627267404176000,1,5.06712068,18.5000
1627267448376000,0,43.00000000,18.5100
1627267460331000,0,45.50000000,18.5200
1627267464563000,0,49.50000000,18.5300
1627267479882000,0,20.00000000,18.5400
1627267479882000,0,110.00000000,18.5500
1627267479882000,0,152.56509885,18.5500
1627267479882000,0,40.50000000,18.5500
1627267479882000,0,63.65199896,18.5500
1627267479882000,0,54.47978436,18.5500
1627267479960000,1,451.15422000,18.5500
1627267479961000,1,12.50000000,18.5500
1627267480003000,1,269.88471915,18.5500
1627267480005000,1,75.26417868,18.5500
1627267516819000,1,39.65926726,18.4800
1627267516819000,1,15.86490791,18.4800
1627267547256000,1,38.98666926,18.4700
1627267547256000,1,15.58640380,18.4700
1627267548316000,1,13.00000000,18.4600
1627267548316000,1,0.42307821,18.4600
1627267548345000,1,15.16332559,18.4600
1627267548758000,1,12.19000000,18.4600
1627267548889000,1,6.00000000,18.4600
1627267553137000,1,15.33580000,18.4600
1627267554516000,1,15.26570000,18.4500
1627267555777000,1,23.14986619,18.4400
1627267555778000,1,15.00043335,18.4400
1627267555778000,1,9.50541233,18.4400
1627267555895000,1,5.76032956,18.4400
1627267571205000,0,38.93200000,18.4900
1627267576476000,1,14.81421000,18.4900
1627267578610000,0,34.60700000,18.5000
1627267581106000,0,1.72510000,18.5100
1627267581486000,0,19.99000000,18.5100
1627267582019000,0,22.72390000,18.5100
1627267637702000,1,2.67870000,18.5400
1627267637712000,1,2.08880000,18.5400
1627267637726000,1,3.71760000,18.5400
1627267637766000,1,4.50870000,18.5400
1627267637784000,1,2.02770900,18.5400
1627267637784000,1,1.64509100,18.5400
1627267637828000,1,1.59740000,18.5400
1627267637834000,1,34.30480203,18.5400
1627267637834000,1,13.30000000,18.5400
1627267638305000,1,3.10318925,18.5300
1627267638429000,1,15.02325013,18.5300
1627267638429000,1,37.54729303,18.5300
1627267638429000,1,13.00000000,18.5300
1627267650434000,1,15.02325013,18.5200
1627267697401000,1,12.69999999,18.4800
1627267697402000,1,0.00000001,18.4800
1627267697445000,1,14.13672619,18.4700
1627267697518000,0,12.50000000,18.4700
1627267697546000,1,91.89097656,18.4600
1627267697546000,1,35.17292344,18.4600
1627267697573000,1,0.00016108,18.4600
1627267697638000,0,14.07365540,18.4600
1627267698801000,1,14.07365540,18.4400
1627267698801000,1,21.62634460,18.4400
1627267698889000,1,13.54673992,18.4400
1627267705793000,0,5.76390000,18.4700
1627267748936000,0,159.76630112,18.4800
1627267748936000,0,63.89369888,18.4800
1627267778885000,0,63.86004337,18.4900
1627267778885000,0,159.61762663,18.4900
1627267865088000,1,20.00000000,18.5200
1627267887630000,1,6.13070000,18.5000
1627267887643000,1,2.19750000,18.5000
1627267887643000,1,3.48440000,18.5000
1627267887658000,1,2.94690000,18.5000
1627267887660000,1,0.52968300,18.5000
1627267914527000,1,10.54832426,18.4900
1627267915839000,1,38.03076104,18.4900
1627267915839000,1,15.21453896,18.4900
1627267972190000,1,14.93663746,18.4800
1627267972931000,1,11.00082229,18.4700
1627268100518000,0,34.75950000,18.5200
1627268102127000,0,20.00000000,18.5200
1627268112042000,1,13.10000000,18.5100
1627268130311000,1,26.84050000,18.4900
1627268130389000,1,27.46452000,18.4900
1627268133431000,1,12.70000000,18.4800
1627268133816000,1,58.98756187,18.4700
1627268134054000,1,13.10000000,18.4700
1627268139369000,1,13.30000000,18.4700
1627268151740000,1,12.80000000,18.4600
1627268154822000,1,14.85520458,18.4500
1627268177608000,0,26.84050000,18.4600
1627268185641000,1,12.90000000,18.4500
1627268202391000,0,63.89666856,18.4700
1627268244075000,1,6.52280000,18.4600
1627268244102000,1,8.23011604,18.4600
1627268244102000,1,3.51748396,18.4600
1627268244237000,1,10.59000000,18.4600
1627268244259000,1,7.74099999,18.4600
1627268244302000,1,15.03140965,18.4600
1627268244302000,1,28.54859035,18.4600
1627268244525000,1,67.32913000,18.4600
1627268245254000,1,14.75819059,18.4500
1627268256372000,1,8.37880221,18.4300
1627268256423000,1,26.70855340,18.4300
1627268256423000,1,14.03326810,18.4300
1627268276059000,1,13.30000000,18.4300
1627268284835000,1,13.20000000,18.4300
1627268285085000,1,13.72467850,18.4200
1627268285526000,1,13.20000000,18.4200
1627268288692000,0,18.27030000,18.4300
1627268298139000,1,19.99999999,18.4200
1627268298142000,1,0.00000001,18.4200
1627268298142000,1,41.66689477,18.4100
1627268298254000,1,13.83484845,18.4100
1627268298254000,1,34.58712113,18.4100
1627268298254000,1,19.99993042,18.4100
1627268298280000,1,69.99710056,18.4100
1627268298518000,1,34.58712113,18.4000
1627268298518000,1,9.82287887,18.4000
1627268302445000,0,20.00000000,18.4000
1627268304735000,1,13.86568750,18.3900
1627268311693000,1,12.56352601,18.3900
1627268311693000,1,13.10000000,18.3900
1627268311693000,1,31.40301205,18.3900
1627268330368000,0,64.14625000,18.4000
1627268330678000,1,20.00000000,18.3900
1627268354622000,0,52.23000000,18.3900
1627268354644000,0,11.93788821,18.3900
1627268381329000,0,64.04944585,18.4300
1627268381329000,0,20.00000000,18.4300
1627268397177000,1,2.03650000,18.4000
1627268397214000,1,2.44380000,18.4000
1627268397214000,1,4.39410000,18.4000
1627268397237000,1,1.97490000,18.4000
1627268397240000,1,2.58963308,18.4000
1627268421940000,0,16.89000000,18.4600
1627268429853000,0,13.43890000,18.4600
1627268429871000,0,50.51032156,18.4600
1627268455434000,1,13.10000000,18.4900
1627268471430000,1,12.80000000,18.4700
1627268484745000,1,13.15100000,18.4800
1627268498996000,1,2.00000000,18.4700
1627268523317000,0,2.00000000,18.4700
1627268525175000,0,63.86972491,18.4800
1627268525175000,0,270.81147509,18.4800
1627268529649000,0,25.95100000,18.4900
1627268529687000,0,37.86206176,18.4900
1627268549184000,1,13.69865148,18.5100
1627268549954000,1,13.69860000,18.5000
1627268549977000,1,0.00005148,18.5000
1627268555328000,1,13.67040000,18.4500
1627268567157000,0,27.39720000,18.4500
1627268567314000,0,36.57738000,18.4500
1627268568069000,0,63.93644000,18.4600
1627268572302000,1,3.85130000,18.4700
1627268572322000,1,2.13540000,18.4700
1627268572353000,1,1.63590000,18.4700
1627268572376000,1,1.50120000,18.4700
1627268588965000,1,110.00000000,18.5000
1627268588965000,1,13.30000000,18.5000
1627268596982000,0,2.67260940,18.5100
1627268608972000,0,61.09724000,18.5100
1627268608997000,0,0.00000718,18.5100
1627268611782000,1,10.67790000,18.5000
1627268611883000,1,2.62210000,18.5000
1627268613904000,1,1.91650000,18.4800
1627268613944000,1,5.13530000,18.4800
1627268621778000,1,13.58710000,18.4400
1627268629064000,0,63.92935000,18.4600
1627268637049000,0,63.99039000,18.4500
1627268639141000,1,3.25070000,18.4400
1627268639356000,1,1.81920000,18.4400
1627268643996000,0,63.96888000,18.4500
1627268655558000,1,7.83010000,18.4400
1627268696460000,1,13.20000000,18.4400
1627268755766000,1,14.50761000,18.4400
1627268790896000,0,3.93310000,18.4400
1627268790896000,0,0.00002360,18.4400
1627268814951000,0,63.98628960,18.4400
1627268814951000,0,271.40045297,18.4400
1627268815068000,0,15.33000000,18.4400
1627268815092000,0,28.61000000,18.4400
1627268815151000,0,227.46045297,18.4400
1627268836736000,0,48.13260000,18.4800
1627268879124000,1,16.15481800,18.5000
1627268879124000,1,40.38355343,18.5000
1627268879395000,1,54.91204949,18.4900
1627268879417000,1,50.08809626,18.4900
1627268879417000,1,96.21947797,18.4900
1627268879436000,1,13.78052203,18.4900
1627268879436000,1,40.38355343,18.4900
1627268899336000,0,63.74000000,18.5200
1627268901463000,1,13.00000000,18.5100
1627268902564000,1,13.30000000,18.5000
1627268939669000,1,4.85800000,18.5000
1627268939686000,1,6.45060000,18.5000
1627268939723000,1,3.79630000,18.5000
1627268979352000,1,4.87340000,18.5100
1627268979399000,1,10.39050000,18.5100
1627268979415000,1,0.00007066,18.5100
1627269030582000,1,10.10090000,18.5300
1627269030646000,1,2.69910000,18.5300
1627269035508000,1,37.93880137,18.5100
1627269035508000,1,15.18273145,18.5100
1627269035508000,1,98.68181888,18.5100
1627269035508000,1,53.44678551,18.5100
1627269036694000,1,15.18962099,18.5000
1627269051173000,0,63.77587000,18.5100
1627269051934000,0,63.72971313,18.5200
1627269054440000,1,13.30000000,18.5200
1627269068260000,1,13.65540000,18.5200
1627269068319000,1,0.00008441,18.5200
1627269068319000,1,34.14497840,18.5100
1627269068319000,1,88.77494522,18.5100
1627269068728000,1,13.65540000,18.5100
1627269076169000,0,10.00000000,18.5000
1627269100448000,0,243.47883704,18.5100
1627269100448000,0,13.80468296,18.5100
1627269100510000,0,49.96635000,18.5100
1627269100586000,0,0.00001613,18.5100
1627269105351000,1,12.16940000,18.5100
1627269105510000,1,0.00006320,18.5100
1627269105510000,1,196.59234392,18.5000
1627269105510000,1,30.43614935,18.5000
1627269105510000,1,79.12705497,18.5000
1627269105510000,1,133.84438856,18.5000
1627269117001000,1,7.20445000,18.4600
1627269151049000,0,243.95440000,18.4700
1627269151150000,0,0.00004223,18.4700
1627269170315000,0,63.86040000,18.4900
1627269170952000,0,365.81588191,18.5000
1627269170952000,0,63.82021809,18.5000
1627269237131000,0,63.76834966,18.5100
1627269237131000,0,5.70045034,18.5100
1627269237133000,0,210.56470000,18.5100
1627269296657000,1,10.61150000,18.4900
1627269303274000,1,109.99999999,18.4700
1627269305284000,1,109.99999999,18.4700
1627269308984000,0,63.86825000,18.4800
1627269364815000,0,10.61160000,18.4500
1627269372199000,1,12.24492203,18.4300
1627269493266000,1,13.10000000,18.4500
1627269508057000,0,63.97431000,18.4500
1627269508087000,0,0.00000795,18.4500
1627269568601000,1,13.30000000,18.4800
1627269579433000,1,12.47590000,18.4800
1627269834725000,0,12.47590000,18.5300
1627269868353000,0,63.61654333,18.5600
1627269893373000,1,12.57241000,18.5500
1627269949621000,1,30.39943963,18.5500
1627269949621000,1,12.15977585,18.5500
1627269950696000,1,110.00000000,18.5400
1627269950696000,1,12.15977585,18.5400
1627269972984000,1,11.89334443,18.5500
1627269972984000,1,29.73207935,18.5500
1627269974776000,1,11.77829198,18.5400
1627269979356000,0,63.62000000,18.5500
1627269979385000,0,0.00118885,18.5500
1627269993164000,0,63.57000000,18.5700
1627269995886000,1,17.23700000,18.5500
1627269995897000,1,1.64960000,18.5500
1627269996179000,1,10.67921748,18.5500
1627269996179000,1,1.06918252,18.5500
1627269996201000,1,6.69290000,18.5500
1627269996254000,1,4.05825691,18.5500
1627270044806000,1,11.86420000,18.5100
1627270066400000,1,11.80870000,18.5200
1627270066687000,1,0.00005335,18.5200
1627270073126000,0,37.32780000,18.5300
1627270082854000,1,11.67090000,18.5100
1627270083699000,1,7.84900000,18.5000
1627270083750000,1,1.73240000,18.5000
1627270083754000,1,1.53880000,18.5000
1627270123715000,0,11.12020000,18.5400
1627270146454000,1,11.52547000,18.5400
1627270193692000,1,4.78380000,18.5400
1627270193875000,1,3.63310000,18.5400
1627270193880000,1,3.05090000,18.5400
1627270228399000,1,29.09612576,18.5400
1627270228399000,1,2.59443316,18.5400
1627270391257000,1,6.21990000,18.5500
1627270461007000,1,11.08282000,18.5300
1627270461057000,1,0.00000278,18.5300
1627270621470000,0,17.68770000,18.5600
1627270621503000,0,141.40475355,18.5600
1627270621503000,0,63.63353520,18.5600
1627270621743000,0,345.03449000,18.5700
1627270621811000,0,68.47666000,18.5700
1627270706615000,0,269.17844000,18.6100
1627270706652000,0,0.00000485,18.6100
1627270706856000,0,2.67260940,18.6200
1627270706856000,0,158.58415869,18.6200
1627270706856000,0,63.42256851,18.6200
1627270735572000,1,13.30000000,18.6200
1627270798158000,1,8.01770000,18.5700
1627270798191000,1,1.97400000,18.5700
1627270798213000,1,2.80010000,18.5700
1627270887534000,0,12.79180000,18.5700
1627270887659000,0,7.08000000,18.5700
1627270887664000,0,43.69860948,18.5700
1627270956503000,1,14.33630000,18.5700
1627270998710000,1,14.23670000,18.5700
1627271045741000,0,25.57600000,18.5700
1627271052584000,0,25.79000000,18.5800
1627271056989000,0,0.00500000,18.5800
1627271056989000,0,7.92700000,18.5900
1627271057046000,0,6.28200000,18.5900
1627271123861000,1,13.70555620,18.6100
1627271123872000,1,0.00000001,18.6100
1627271150237000,1,7.93200000,18.5600
1627271184060000,1,13.79416353,18.5800
1627271184094000,1,0.00000001,18.5800
1627271192698000,1,13.73580000,18.5600
1627271192758000,1,0.00004409,18.5600
1627271194691000,1,13.73580000,18.5500
1627271220444000,0,63.60029554,18.5600
1627271220444000,0,269.64410086,18.5600
1627271220444000,0,159.02523151,18.5600
1627271220779000,0,413.33452073,18.5700
1627271221830000,0,63.51891181,18.5900
1627271320410000,1,13.10000000,18.5200
1627271320410000,1,20.00000000,18.5200
1627271320410000,1,17.06930000,18.5200
1627271347822000,0,34.03900000,18.5400
1627271350206000,0,9.24000000,18.5500
1627271351452000,0,15.29200000,18.5500
1627271352566000,1,6.00680738,18.5400
1627271353636000,1,10.95762277,18.5400
1627271353636000,1,42.40054723,18.5400
1627271405416000,0,11.69900000,18.5400
1627271408629000,0,10.69000000,18.5500
1627271408630000,0,0.00600000,18.5500
1627271412692000,0,9.91600000,18.5600
1627271437694000,1,16.64214261,18.5700
1627271437694000,1,41.59952739,18.5700
1627271438760000,1,16.65200000,18.5600
1627271506875000,0,4.04180000,18.5800
1627271513364000,1,17.19425000,18.5900
1627271620867000,1,49.42423028,18.5600
1627271620927000,1,219.78687896,18.5600
1627271620927000,1,42.14872769,18.5600
1627271620927000,1,18.00000000,18.5600
1627271620988000,0,16.86185110,18.5700
1627271621019000,1,268.84955365,18.5500
1627271621019000,1,171.15044635,18.5500
1627271621274000,1,109.62640000,18.5500
1627271621376000,0,16.87911753,18.5500
1627271621913000,1,16.86185110,18.5400
1627271621913000,1,16.87910890,18.5400
1627271655017000,1,15.78465000,18.5400
1627271742440000,0,6.00000000,18.5600
1627271827703000,1,4.37820657,18.5400
1627271827705000,1,9.02179343,18.5400
1627271932917000,1,17.91430000,18.6200
1627271932917000,1,0.00000313,18.6200
1627271976166000,1,17.79281863,18.6500
1627271976166000,1,13.09999137,18.6500
1627271976207000,1,0.00000863,18.6500
1627272018144000,1,6.76000000,18.6300
1627272039885000,0,63.21000000,18.6800
1627272049279000,1,17.88150000,18.6700
1627272049352000,1,0.00000561,18.6700
1627272049540000,1,4.36246860,18.6600
1627272049540000,1,116.23322092,18.6600
1627272049540000,1,44.72004065,18.6600
1627272049540000,1,1.12571028,18.6600
1627272058644000,1,16.98438000,18.6700
1627272063404000,1,3.86892153,18.6600
1627272063404000,1,2.89107847,18.6500
1627272071483000,0,267.90388911,18.7000
1627272071483000,0,157.92711001,18.7000
1627272071483000,0,63.16596281,18.7000
1627272093364000,1,6.75000000,18.7100
1627272095747000,0,401.47703826,18.7400
1627272095747000,0,38.52296174,18.7400
1627272095747000,0,119.09030696,18.7400
1627272095747000,0,63.03105623,18.7400
1627272095747000,0,257.87863681,18.7400
1627272095748000,0,151.85800174,18.7400
1627272095829000,0,401.31333202,18.7500
1627272095829000,0,53.04526798,18.7500
1627272095841000,0,7.23200000,18.7300
1627272095875000,0,55.81521458,18.7300
1627272095875000,0,0.00006535,18.7500
1627272096006000,0,63.04721458,18.7400
1627272107087000,1,6.90460000,18.7300
1627272107102000,1,2.65110000,18.7300
1627272107122000,1,1.86260000,18.7300
1627272107150000,1,1.54530000,18.7300
1627272128329000,1,6.74000000,18.7300
1627272133919000,0,12.96360000,18.7500
1627272134333000,0,129.80000000,18.7500
1627272134355000,0,0.00518772,18.7500
1627272163080000,1,3.73628374,18.7500
1627272163080000,1,2.99371626,18.7400
1627272198546000,1,3.43712792,18.7600
1627272198546000,1,3.28287208,18.7600
1627272226662000,1,1.18945734,18.7600
1627272226662000,1,1.46864266,18.7600
1627272239228000,1,0.00006470,18.7600
1627272239228000,1,6.71993530,18.7500
1627272244298000,0,26.50559403,18.7700
1627272257016000,1,1.49340000,18.7300
1627272257461000,1,0.06025076,18.7300
1627272257461000,1,27.67684924,18.7200
1627272292767000,1,19.13853000,18.7500
1627272300199000,1,22.65430465,18.7300
1627272300296000,1,6.73000000,18.7200
1627272308765000,0,4.47000000,18.7300
1627272340643000,0,63.22434000,18.6800
1627272340661000,0,0.00000669,18.6800
1627272373244000,0,4.28000000,18.6900
1627272373284000,0,0.00700000,18.6900
1627272374955000,0,29.23040000,18.7000
1627272375601000,0,4.09000000,18.7000
1627272375659000,0,0.00200000,18.7000
1627272375776000,0,30.90113830,18.7100
1627272375853000,0,3.31300000,18.7100
1627272375853000,0,157.87921471,18.7100
1627272375853000,0,63.13532555,18.7100
1627272376216000,0,157.76277704,18.7200
1627272376245000,1,63.10562688,18.7200
1627272381648000,1,21.58440000,18.7300
1627272398733000,1,9.26565000,18.7200
1627272403931000,1,0.00000954,18.7200
1627272428144000,0,21.58440000,18.7200
1627272428490000,0,33.86000000,18.7200
1627272445290000,1,21.50848000,18.7000
1627272456366000,1,13.10000000,18.7000
1627272467804000,1,13.20000000,18.7000
1627272491576000,1,12.80000000,18.6900
1627272491994000,1,21.42133990,18.6800
1627272491994000,1,13.29996010,18.6800
1627272492660000,1,6.00388039,18.6700
1627272492701000,1,15.41745951,18.6700
1627272493077000,1,139.24178418,18.6600
1627272493077000,1,32.21875636,18.6600
1627272520288000,1,20.51230000,18.6700
1627272521854000,1,19.50360000,18.6600
1627272527274000,0,47.82120000,18.6700
1627272527704000,0,63.22000000,18.6700
1627272527739000,0,0.00426730,18.6700
1627272529649000,0,63.16876645,18.6900
1627272537061000,0,19.89820814,18.7000
1627272537075000,0,49.74552036,18.7000
1627272543327000,1,16.80590000,18.7000
1627272543340000,1,2.74185890,18.7000
1627272579700000,0,16.80590000,18.7300
1627272622330000,0,157.70069277,18.7300
1627272622330000,0,62.29930723,18.7300
1627272622488000,0,0.75521228,18.7300
1627272646681000,0,314.46000000,18.7200
1627272646861000,0,555.78090909,18.7200
1627272679141000,1,10.25923000,18.7100
1627272688383000,1,0.00000291,18.7100
1627272712142000,1,20.55010000,18.7100
1627272712175000,1,0.00009558,18.7100
1627272801183000,1,5.90310000,18.7000
1627272804743000,1,0.00004643,18.7000
1627272828974000,0,63.18507510,18.6900
1627272903598000,0,25.00000000,18.7600
1627272931376000,1,6.72000000,18.7400
1627272945638000,1,1.62300000,18.7500
1627272945651000,1,2.38620000,18.7500
1627272961339000,1,5.27000000,18.7500
1627272969498000,1,19.81180000,18.7400
1627272996800000,1,19.73400000,18.7000
1627273006294000,1,19.74370000,18.6900
1627273007712000,1,19.65510000,18.6800
1627273009315000,1,19.56993114,18.6700
1627273056342000,0,4.00920000,18.7100
1627273134120000,0,240.67422317,18.7200
1627273134120000,0,66.34418099,18.7200
1627273134130000,0,63.68861925,18.7200
1627273134137000,0,245.61472333,18.7200
1627273134149000,0,87.57044574,18.7200
1627273134149000,0,270.26667018,18.7200
1627273134214000,0,240.70687174,18.7300
1627273134214000,0,37.47312826,18.7300
1627273134234000,0,15.86376441,18.7300
1627273134234000,0,46.06488780,18.7300
1627273183383000,0,2.07210000,18.8400
1627273187952000,1,12.50000000,18.8300
1627273190257000,1,12.60000000,18.8200
1627273195816000,1,75.20258611,18.8100
1627273195817000,1,23.51893200,18.8100
1627273196051000,1,12.50000000,18.8100
1627273196051000,1,21.20759448,18.8100
1627273196051000,1,53.01175552,18.8100
1627273196855000,1,4.85400000,18.8000
1627273196868000,1,2.72210000,18.8000
1627273196948000,1,5.42390000,18.8000
1627273204689000,0,25.46221343,18.8100
1627273224912000,0,0.00009624,18.8400
1627273224912000,0,25.59990376,18.8500
1627273224942000,0,24.40009624,18.8500
1627273226988000,1,6.70000000,18.8300
1627273234328000,1,20.34555616,18.8400
1627273234328000,1,13.10000000,18.8400
1627273234328000,1,50.83759384,18.8400
1627273244535000,1,11.17490000,18.8400
1627273244536000,1,3.45370000,18.8400
1627273244568000,1,1.76610000,18.8400
1627273244575000,1,3.16980000,18.8400
1627273244613000,1,0.00000066,18.8400
1627273249284000,0,155.07389740,18.8500
1627273249284000,0,188.13610260,18.8500
1627273262138000,1,6.71000000,18.8300
1627273295992000,1,45.61124505,18.8400
1627273295992000,1,19.49797495,18.8400
1627273297124000,1,6.69000000,18.8300
1627273311495000,1,15.85140000,18.8600
1627273336292000,1,15.73574000,18.8100
1627273336793000,1,6.68000000,18.8000
1627273354696000,0,19.56460000,18.8100
1627273373612000,0,212.76822233,18.8200
1627273373612000,0,156.96956048,18.8200
1627273373612000,0,62.76924035,18.8200
1627273375651000,1,1.76610000,18.8200
1627273392218000,0,1.76610000,18.8400
1627273404731000,0,62.67460498,18.8400
1627273404731000,0,212.50681442,18.8400
1627273404895000,0,132.81207000,18.8400
1627273428768000,1,2.48750000,18.8500
1627273428792000,1,3.19620000,18.8500
1627273428793000,1,4.29970000,18.8500
1627273428801000,1,5.19802951,18.8500
1627273444828000,1,14.77490000,18.8400
1627273444881000,1,0.00009469,18.8400
1627273448075000,1,9.53840000,18.8300
1627273448183000,1,5.17050000,18.8300
1627273450934000,0,19.52180000,18.8500
1627273450966000,0,43.16335056,18.8500
1627273463630000,1,6.70000000,18.8500
1627273467571000,1,37.55149503,18.8500
1627273467571000,1,15.01916507,18.8500
1627273498509000,1,6.69000000,18.8500
1627273502960000,1,32.88854895,18.8500
1627273502960000,1,83.04207374,18.8500
1627273502960000,1,12.77541731,18.8500
1627273518893000,1,5.90540000,18.8200
1627273518933000,1,5.99180000,18.8200
1627273524229000,1,11.89720000,18.8000
1627273524333000,1,0.00009545,18.8000
1627273553541000,0,62.76000000,18.8100
1627273553557000,0,0.00846241,18.8100
1627273575110000,1,20.00000000,18.8100
1627273575238000,1,18.00000000,18.8100
1627273576262000,1,11.98420000,18.8000
1627273576521000,1,0.00004140,18.8000
1627273576572000,0,11.98419860,18.8000
1627273576669000,1,44.08298040,18.8000
1627273577611000,1,11.92840000,18.7900
1627273586607000,1,11.81130000,18.7900
1627273586671000,1,0.00006939,18.7900
1627273586765000,1,29.53210000,18.7800
1627273592356000,0,110.00000000,18.8000
1627273604617000,1,11.01811000,18.8000
1627273605427000,1,13.10000000,18.7900
1627273605427000,1,10.87470611,18.7900
1627273605430000,1,16.66912073,18.7900
1627273605430000,1,11.02151555,18.7900
1627273605496000,1,265.98449853,18.7800
1627273605496000,1,71.65403316,18.7800
1627273605535000,1,266.09678106,18.7700
1627273605639000,1,31.55091820,18.7600
1627273605655000,1,21.61006260,18.7600
1627273605655000,1,87.79000000,18.7600
1627273605717000,0,258.35962789,18.7700
1627273605718000,0,27.54382684,18.7700
1627273605725000,0,11.02151555,18.7700
1627273605777000,0,71.65403316,18.7600
1627273606428000,1,11.02151555,18.7400
1627273606428000,1,27.54378445,18.7400
1627273606789000,0,110.00000000,18.7400
1627273607038000,1,296.17371211,18.7300
1627273607116000,1,32.04669255,18.7300
1627273607126000,1,210.00232910,18.7300
1627273607126000,1,27.54382684,18.7300
1627273607126000,1,11.02151555,18.7300
1627273607335000,1,9.70580000,18.7300
1627273607337000,1,0.00000999,18.7300
1627273607337000,1,9.70579001,18.7300
1627273607338000,1,14.55873498,18.7300
1627273608136000,0,5.90540000,18.7400
1627273608382000,0,1.79890000,18.7400
1627273608549000,0,12.57550000,18.7300
1627273608556000,0,7.42450000,18.7300
1627273608889000,0,18.00000000,18.7500
1627273609111000,0,157.52458000,18.7500
1627273611409000,1,53.86552460,18.7600
1627273615950000,1,8.15390000,18.7600
1627273621581000,1,20.08442929,18.7400
1627273621581000,1,10.08597071,18.7400
1627273638733000,0,213.29741315,18.7800
1627273638733000,0,106.70258685,18.7800
1627273638831000,0,50.62221823,18.7800
1627273638831000,0,62.91773762,18.7800
1627273638831000,0,352.69004415,18.7800
1627273638855000,0,7.89000000,18.7800
1627273638887000,0,48.42832298,18.7800
1627273647196000,0,62.93718000,18.7700
1627273652878000,1,12.80000000,18.7600
1627273652878000,1,12.32153093,18.7600
1627273652878000,1,30.80382732,18.7600
1627273652878000,1,80.09158175,18.7600
1627273652919000,1,0.00001035,18.7600
1627273652942000,0,12.23875658,18.7700
1627273667740000,1,4.89120000,18.7400
1627273667742000,1,6.22050000,18.7400
1627273667806000,1,0.00002140,18.7400
1627273794497000,1,27.39399618,18.7400
1627273794497000,1,10.96070382,18.7400
1627273794592000,1,0.00016718,18.7400
1627273801966000,1,10.77920000,18.7300
1627273826748000,0,1.06474050,18.6900
1627273831408000,0,63.18160000,18.7000
1627273831538000,0,0.00000122,18.7000
1627273833412000,0,316.00000000,18.7200
1627273847193000,1,10.30430000,18.7600
1627273859507000,0,10.30430000,18.7800
1627273861858000,1,53.90910294,18.7800
1627273866143000,1,11.32629077,18.7900
1627273866143000,1,29.10415637,18.7900
1627273873006000,1,7.07900000,18.7900
1627273875075000,1,6.53500000,18.7800
1627273879624000,1,4.53800000,18.7700
1627273879624000,1,11.45768000,18.7700
1627273891746000,1,10.27108000,18.7600
1627273895167000,1,5.27000000,18.7500
1627273963578000,1,10.33840000,18.7200
1627273963642000,1,0.00006486,18.7200
1627274005663000,1,8.22760000,18.6900
1627274008570000,1,10.24862347,18.6800
1627274049654000,1,10.12010000,18.6700
1627274069285000,1,10.03440000,18.6300
1627274069297000,1,0.00000335,18.6300
1627274078662000,1,20.00000000,18.6200
1627274078689000,1,2.09771727,18.6100
1627274078689000,1,9.07454445,18.6100
1627274078689000,1,22.68977206,18.6100
1627274078689000,1,58.98661633,18.6100
1627274078689000,1,214.88466258,18.6000
1627274078696000,1,53.58938665,18.6000
1627274078696000,1,53.83333333,18.6000
1627274078696000,1,138.73013123,18.5900
1627274078759000,1,20.00000000,18.6100
1627274078913000,0,9.07386242,18.6200
1627274079187000,0,3.42610000,18.6200
1627274079196000,0,0.00003758,18.6200
1627274079551000,0,4.80150000,18.6300
1627274079587000,0,2.11790000,18.6300
1627274079600000,0,2.62090000,18.6300
1627274079616000,0,2.93990000,18.6300
1627274079652000,0,9.36269788,18.6300
1627274079723000,0,17.10740011,18.6300
1627274079728000,0,24.44979237,18.6300
1627274082072000,1,5.10474795,18.6200
1627274082072000,1,176.85700000,18.6200
1627274082072000,1,12.80000000,18.6200
1627274096444000,0,110.00000000,18.6600
1627274098411000,1,8.87652601,18.6500
1627274098411000,1,22.19130399,18.6500
1627274172772000,1,7.67870000,18.6800
1627274184527000,0,56.88000000,18.7100
1627274184543000,0,6.25474507,18.7100
1627274192875000,1,12.60000000,18.7200
1627274238043000,1,15.10000000,18.7200
1627274248590000,1,143.20553000,18.7100
1627274273893000,1,12.60000000,18.6700
1627274301967000,0,1.51070000,18.7000
1627274301992000,0,1.95740000,18.7000
1627274302055000,0,1.81760000,18.7000
1627274302108000,0,7.41998567,18.7000
1627274302109000,0,1.83940000,18.7000
1627274302111000,0,77.12000000,18.7000
1627274302124000,0,382.33491433,18.7000
1627274338853000,1,19.44946000,18.7500
1627274425704000,1,7.12510000,18.7200
1627274450676000,1,12.50000000,18.7000
1627274452305000,1,7.91720000,18.6900
1627274452438000,1,12.70000000,18.6900
1627274456640000,1,18.88337000,18.6900
1627274473476000,1,5.00000000,18.7100
1627274483739000,0,33.50000000,18.7400
1627274483739000,0,29.55016056,18.7400
1627274494914000,1,19.04221000,18.7200
1627274502294000,0,7.91720000,18.7300
1627274600052000,0,1.91350000,18.7400
1627274600079000,0,1.46900000,18.7400
1627274600081000,0,1.92180000,18.7400
1627274600117000,0,4.43470000,18.7400
1627274600153000,0,1.82140000,18.7400
1627274600153000,0,1.60580000,18.7400
1627274600154000,0,1.47570000,18.7400
1627274600155000,0,1.83570000,18.7400
1627274600158000,0,46.57467076,18.7400
1627274600162000,0,1.82990000,18.7500
1627274600220000,0,1.71310000,18.7500
1627274600785000,0,1.60580000,18.7500
1627274600812000,0,13.00410000,18.7500
1627274600813000,0,1.55280000,18.7500
1627274600813000,0,1.82140000,18.7500
1627274600862000,0,1.52090000,18.7500
1627274600904000,0,5.36280000,18.7500
1627274601181000,0,4.06161274,18.7500
1627274601229000,0,1.72800000,18.7500
1627274601279000,0,9.92160000,18.7500
1627274601298000,0,5.99280000,18.7500
1627274601302000,0,16.42798397,18.7500
1627274603567000,0,112.43880000,18.7700
1627274603618000,0,6.57740000,18.7700
1627274603649000,0,1.64750000,18.7600
1627274603695000,0,38.39791986,18.7700
1627274603695000,0,58.64548014,18.7700
1627274606714000,1,25.04795000,18.7800
1627274614774000,0,28.21618743,18.7800
1627274668399000,1,6.72000000,18.7700
1627274680352000,1,26.10500000,18.8000
1627274703022000,1,6.71000000,18.7900
1627274732871000,0,336.00000000,18.8600
1627274737910000,0,21.89750892,18.8500
1627274738183000,1,6.71000000,18.8400
1627274738337000,1,50.38353067,18.8400
1627274738337000,1,21.89749933,18.8400
1627274740284000,1,142.36703322,18.8200
1627274740284000,1,54.77286678,18.8200
1627274740306000,1,0.00010763,18.8200
1627274740306000,1,21.89750892,18.8200
1627274740734000,1,21.81393000,18.8100
1627274740790000,1,0.00000706,18.8100
1627274746585000,1,21.81390000,18.7900
1627274746639000,1,0.00003706,18.7900
1627274760814000,1,20.86190000,18.7900
1627274760822000,1,0.00006903,18.7900
1627274765314000,1,21.09292907,18.7800
1627274765314000,1,52.47992093,18.7800
1627274765940000,0,110.00000000,18.7800
1627274768680000,1,21.00040000,18.7700
1627274768848000,1,0.00004241,18.7700
1627274769490000,1,20.64540000,18.7600
1627274770834000,1,20.64540000,18.7500
1627274775212000,1,14.53370000,18.7500
1627274775231000,1,4.98059342,18.7500
1627274775331000,1,48.79249829,18.7400
1627274775331000,1,126.85361597,18.7400
1627274777732000,0,110.00000000,18.7500
1627274795592000,0,20.00000000,18.8100
1627274811248000,1,18.69783000,18.8100
1627274815488000,0,62.77000000,18.8200
1627274829974000,1,2.94270000,18.8100
1627274830005000,1,5.42420000,18.8100
1627274830040000,1,1.65120000,18.8100
1627274830085000,1,4.61070000,18.8100
1627274830097000,1,1.46880000,18.8100
1627274830115000,1,2.52380000,18.8100
1627274848460000,0,18.62140000,18.8100
1627274911926000,1,17.49946000,18.8300
1627274911946000,1,0.00000380,18.8300
