timestamp ms,type,amount,price
1622160028113000,1,1.21342409,31.5800
1622160030442000,1,34.77011017,31.5300
1622160061635000,1,1.14190517,31.4300
1622160061635000,1,28.93234797,31.4300
1622160073709000,1,1.10513218,31.4300
1622160077206000,1,1.59180745,31.3700
1622160106899000,1,0.97295129,31.2500
1622160106899000,1,159.70112239,31.2500
1622160106899000,1,19.80000000,31.2500
1622160106899000,1,819.52592632,31.2500
1622160123783000,1,0.90893435,31.2800
1622160227617000,0,24.44151670,31.1200
1622160272042000,0,111.65587940,31.0400
1622160272042000,0,380.24112060,31.0500
1622160314563000,0,94.23534485,31.0700
1622160316068000,0,17.42060000,31.0800
1622160325253000,0,31.66588671,31.1200
1622160327274000,0,32.43008678,31.1100
1622160333789000,1,0.96666420,31.1000
1622160333789000,1,1.97211333,31.1000
1622160382982000,0,31.66580000,31.1100
1622160383356000,0,7.48304781,31.1100
1622160440512000,1,62.40000000,31.3500
1622160441115000,1,62.40000000,31.3000
1622160445753000,0,4.00191509,31.3300
1622160447529000,1,1.01106945,31.3100
1622160447529000,1,2.52886780,31.3100
1622160447529000,1,6.57629275,31.3100
1622160451080000,0,62.40000000,31.2900
1622160457449000,0,62.40000000,31.3300
1622160466054000,1,0.91776758,31.3600
1622160466054000,1,2.29440242,31.3600
1622160466468000,1,0.91776758,31.3400
1622160466468000,1,2.29441894,31.3400
1622160466468000,1,0.91797818,31.3400
1622160466468000,1,132.33238530,31.3200
1622160467286000,1,0.91797818,31.3300
1622160467286000,1,0.91776758,31.3300
1622160467286000,1,2.29439424,31.3300
1622160468619000,0,62.40000000,31.3500
1622160480086000,1,4.97858000,31.4000
1622160484948000,0,80.00000000,31.4500
1622160487809000,1,0.71552208,31.4300
1622160487809000,1,1.78880521,31.4300
1622160487809000,1,4.65203271,31.4300
1622160506598000,0,107.20000000,31.5000
1622160508003000,0,1.59180000,31.5100
1622160508813000,0,0.00000745,31.5100
1622160527392000,0,9.52003173,31.5000
1622160547243000,1,2.47423000,31.5100
1622160547380000,1,0.00000654,31.5100
1622160547380000,1,62.39999346,31.5000
1622160564025000,0,282.50519000,31.5700
1622160573469000,1,62.40000000,31.6000
1622160582296000,1,62.40000000,31.6000
1622160583393000,1,8.62628137,31.5900
1622160583393000,1,6.55777863,31.5900
1622160588407000,1,62.40000000,31.6000
1622160592702000,1,6.14128000,31.6100
1622160611301000,1,6.08017133,31.5800
1622160611301000,1,15.20927815,31.5800
1622160611301000,1,39.54605160,31.5800
1622160611301000,1,62.39998892,31.5800
1622160612337000,1,20.83585000,31.5500
1622160612445000,1,41.56415000,31.5500
1622160618509000,1,5.52377000,31.5100
1622160618682000,1,0.00000050,31.5100
1622160618727000,1,5.52440000,31.5000
1622160618881000,1,5.52390000,31.4900
1622160619909000,1,0.00001070,31.4900
1622160619909000,1,5.52368930,31.4800
1622160622233000,1,5.52443651,31.4200
1622160622233000,1,341.30366349,31.4100
1622160622266000,1,5.42834026,31.4200
1622160622266000,1,0.09608974,31.4200
1622160622632000,1,5.42834026,31.4100
1622160622632000,1,5.52443651,31.4100
1622160622632000,1,0.04702323,31.4100
1622160622946000,1,16.47654000,31.4100
1622160623577000,1,116.05515000,31.4100
1622160623661000,1,0.00000324,31.4100
1622160623661000,1,770.87260676,31.4000
1622160623785000,1,796.65945161,31.4000
1622160624128000,1,60.00000000,31.4000
1622160624203000,1,65.00000000,31.4000
1622160624320000,1,796.75701586,31.4000
1622160624334000,1,70.00000000,31.4000
1622160624606000,1,26.71426000,31.4000
1622160624697000,1,95.00000000,31.4000
1622160624833000,1,265.00000972,31.4000
1622160626096000,0,96.98201117,31.4200
1622160626096000,0,13.01798883,31.4200
1622160636755000,0,62.40000000,31.4700
1622160644673000,0,62.40000000,31.4600
1622160646711000,0,62.40000000,31.4600
1622160657138000,0,45.00000000,31.4000
1622160657219000,0,17.40000000,31.4000
1622160663179000,0,62.40000000,31.4100
1622160666370000,0,38.75615873,31.4700
1622160666370000,0,38.71205127,31.4700
1622160669845000,0,62.40000000,31.5300
1622160686697000,0,96.37461515,31.6200
1622160686697000,0,38.54926007,31.6200
1622160695856000,1,6.64875698,31.6300
1622160695856000,1,6.65001773,31.6300
1622160705792000,0,374.39990000,31.6700
1622160712978000,1,6.28259000,31.6600
1622160714444000,1,6.25474000,31.6400
1622160714571000,1,0.00000903,31.6400
1622160730048000,1,5.73153000,31.5900
1622160730424000,1,0.00000499,31.5900
1622160730594000,1,37.25569523,31.5900
1622160753030000,1,5.27601215,31.4200
1622160753103000,0,5.27181785,31.4200
1622160754616000,1,62.40000000,31.4200
1622160755486000,1,1.58978032,31.4100
1622160788414000,0,1.58978000,31.5500
1622160802531000,1,31.27624556,31.5400
1622160802531000,1,4.81152080,31.5400
1622160802531000,1,4.87123364,31.5400
1622160813347000,1,10.56149000,31.5000
1622160816175000,0,62.40000000,31.5300
1622160816794000,0,0.00000032,31.5500
1622160818975000,0,56.00935000,31.5900
1622160819069000,0,6.39065000,31.5900
1622160822700000,1,62.40000000,31.5800
1622160823123000,1,10.33929000,31.5700
1622160830768000,1,4.06010000,31.5500
1622160835524000,1,3.86901790,31.5300
1622160835524000,1,9.67395535,31.5300
1622160835524000,1,25.02678675,31.5300
1622160846265000,1,9.10586326,31.4800
1622160846265000,1,3.64224674,31.4800
1622160851573000,0,78.00000000,31.5000
1622160855414000,1,62.40000000,31.4600
1622160859092000,0,78.00000000,31.4400
1622160860929000,0,78.00000000,31.4600
1622160862751000,0,78.00000000,31.4700
1622160880633000,1,62.40000000,31.5400
1622160881012000,1,3.69586864,31.5200
1622160881012000,1,9.23633257,31.5200
1622160887256000,1,3.61182543,31.5300
1622160887256000,1,9.02587457,31.5300
1622160887545000,1,0.00002626,31.5300
1622160887545000,1,23.47937374,31.5200
1622160901692000,1,3.39561997,31.5200
1622160903990000,1,8.49190000,31.4700
1622160905146000,1,3.36757421,31.4600
1622160905146000,1,8.41893553,31.4600
1622160905146000,1,8.49179026,31.4600
1622160914374000,1,2.62660000,31.4400
1622160919770000,0,62.40000000,31.4500
1622160922056000,1,12.84946603,31.4600
1622160926635000,0,62.40000000,31.5100
1622160937781000,1,62.40000000,31.6000
1622160940943000,1,2.64905000,31.5900
1622160940947000,1,0.00000568,31.5900
1622160941193000,1,2.64878745,31.5800
1622160953201000,1,55.00000000,31.6200
1622160960655000,1,6.44704000,31.6500
1622160960783000,1,2.57881951,31.6500
1622160960783000,1,62.40000000,31.6400
1622160965538000,0,38.48443341,31.6700
1622160966680000,0,37.03546000,31.6900
1622160992517000,1,62.40000000,31.8100
1622160994323000,1,2.66724168,31.7600
1622160994323000,1,17.34105832,31.7600
1622160994884000,0,62.40000000,31.7800
1622160995830000,0,62.40000000,31.8000
1622160997836000,0,62.40000000,31.8500
1622161002919000,1,2.46450000,31.8500
1622161012030000,1,2.53852681,31.8700
1622161017999000,1,62.40000000,31.9000
1622161018893000,1,2.52420000,31.8900
1622161019425000,1,0.00000401,31.8900
1622161019425000,1,2.52389599,31.8800
1622161020809000,1,6.28179255,31.8600
1622161020809000,1,9.57270745,31.8600
1622161020908000,1,6.75063551,31.8600
1622161021601000,0,62.40000000,31.8800
1622161025297000,1,50.00000000,31.8700
1622161029046000,0,62.40000000,31.9400
1622161030732000,0,62.40000000,31.9700
1622161030910000,0,38.15937748,31.9700
1622161030910000,0,79.99999252,31.9700
1622161040792000,1,62.40000000,31.9900
1622161045743000,0,62.40000000,32.0300
1622161066940000,0,70.00000000,32.0500
1622161067032000,0,62.40000000,32.0500
1622161069077000,0,62.40000000,32.0800
1622161113737000,1,62.40000000,32.0400
1622161156494000,0,134.97440000,32.1400
1622161185400000,0,62.40000000,32.1300
1622161204123000,1,16.81422860,32.0600
1622161218171000,1,20.00000000,32.1200
1622161229554000,1,3.19063000,32.0900
1622161229707000,1,0.00000224,32.0900
1622161230185000,1,3.18985000,32.0800
1622161231701000,1,3.18985718,32.0700
1622161232025000,1,3.19063224,32.0600
1622161232025000,1,20.74284776,32.0600
1622161232235000,1,0.00000956,32.0600
1622161232235000,1,3.17757161,32.0600
1622161236786000,1,62.40000000,32.0500
1622161237313000,1,62.40000000,32.0400
1622161237313000,1,7.52843568,32.0300
1622161239303000,1,3.01297196,32.0300
1622161241873000,1,7.43903631,32.0300
1622161241873000,1,2.95970040,32.0300
1622161244453000,1,62.40000000,32.0400
1622161245068000,1,62.40000000,32.0400
1622161245676000,1,62.40000000,32.0400
1622161246169000,1,18.89750930,32.0300
1622161246169000,1,2.90709145,32.0300
1622161246169000,1,7.26917995,32.0300
1622161252198000,1,62.40000000,32.0300
1622161254662000,1,2.61734348,32.0200
1622161254662000,1,6.54335870,32.0200
1622161254662000,1,62.40000000,32.0200
1622161254870000,1,17.01475026,32.0100
1622161254870000,1,20.80000000,31.9800
1622161254870000,1,31.56562499,31.9800
1622161254870000,1,473.83536000,31.9800
1622161254870000,1,38.00000000,31.9700
1622161254870000,1,18.60000000,31.9700
1622161254870000,1,164.42190152,31.9700
1622161254870000,1,1112.80000000,31.9700
1622161254870000,1,176.85700000,31.9700
1622161254870000,1,1000.00000000,31.9600
1622161254870000,1,156.07486304,31.9600
1622161254870000,1,765.05896034,31.9600
1622161255105000,1,17.01475026,32.0000
1622161255139000,1,294.98530000,31.9800
1622161255404000,1,2.61734348,31.9800
1622161255905000,1,17.01475026,31.9800
1622161255905000,1,6.54714974,31.9800
1622161275421000,1,62.40000000,32.0900
1622161275421000,1,2.41229000,32.0900
1622161275677000,1,0.00000726,32.0900
1622161275772000,1,6.03194586,32.0800
1622161275772000,1,15.67953414,32.0800
1622161286592000,1,62.40000000,32.1500
1622161286744000,1,2.28782719,32.1400
1622161286744000,1,5.71921222,32.1400
1622161286744000,1,14.86994059,32.1400
1622161291346000,1,2.16342985,32.1200
1622161291346000,1,62.40000000,32.1200
1622161291346000,1,5.40866015,32.1200
1622161293780000,1,62.40000000,32.0900
1622161296605000,1,5.29118000,32.0900
1622161323177000,1,62.40000000,32.1500
1622161323177000,1,5.21318784,32.1500
1622161323177000,1,2.08560216,32.1500
1622161323390000,1,0.00001010,32.1500
1622161323390000,1,13.55597397,32.1400
1622161324790000,1,2.08729000,32.1200
1622161324897000,1,0.00000954,32.1200
1622161327343000,1,2.08729954,32.1000
1622161327343000,1,2.08561226,32.1000
1622161327343000,1,5.21452820,32.1000
1622161349128000,1,62.40000000,32.1600
1622161356605000,1,3.44909000,32.1200
1622161356698000,1,0.00000015,32.1200
1622161356698000,1,8.62271985,32.1200
1622161356821000,1,0.00000553,32.1200
1622161356821000,1,6.08125804,32.1200
1622161356925000,1,3.44900000,32.1200
1622161367355000,1,3.10754692,32.1300
1622161367355000,1,7.76886731,32.1300
1622161370914000,1,7.55842241,32.1100
1622161370914000,1,3.02335759,32.1100
1622161372689000,1,3.02508239,32.0900
1622161372689000,1,7.56269761,32.0900
1622161372856000,1,0.00000837,32.0900
1622161377750000,1,2.61340000,32.0800
1622161377961000,1,0.00005575,32.0800
1622161377961000,1,6.53237728,32.0700
1622161377961000,1,16.98726697,32.0700
1622161390084000,1,2.21882000,32.1000
1622161390204000,1,0.00000715,32.1000
1622161390439000,1,2.21982259,32.0900
1622161390439000,1,14.42547741,32.0900
1622161397255000,1,1.68990000,32.0700
1622161398725000,1,4.22748176,32.0400
1622161398725000,1,1.69099270,32.0400
1622161400723000,1,3.64164000,32.0200
1622161401089000,1,1.45665905,32.0200
1622161401323000,1,3.64160000,32.0000
1622161401435000,1,0.00004762,32.0000
1622161401435000,1,1.45655238,32.0000
1622161407363000,1,1.49910000,32.0100
1622161410903000,1,3.75028892,32.0000
1622161410903000,1,9.69875362,32.0000
1622161410962000,1,1.49230233,32.0100
1622161414992000,1,3.54473000,32.0000
1622161415865000,1,1.41810000,32.0000
1622161415966000,1,0.00008026,32.0000
1622161415966000,1,1.41817944,31.9900
1622161423671000,0,62.40000000,32.0400
1622161426591000,1,1.38404100,32.0400
1622161429536000,1,30.00000000,32.0400
1622161431839000,1,1.37005481,32.0400
1622161431839000,1,3.42504519,32.0400
1622161431857000,1,0.00013457,32.0400
1622161431884000,1,1.37010000,32.0300
1622161439619000,1,1.48906508,32.0200
1622161439619000,1,3.72273239,32.0200
1622161454371000,1,1.97404000,32.1200
1622161455920000,1,12.82178502,32.0900
1622161455920000,1,4.93105703,32.0900
1622161455920000,1,1.97425795,32.0900
1622161456424000,1,0.00022807,32.0900
1622161457661000,1,1.96501749,32.0800
1622161457661000,1,12.77261367,32.0800
1622161457661000,1,4.91254372,32.0800
1622161457661000,1,10.34982512,32.0700
1622161458448000,1,10.34982000,32.0800
1622161458448000,1,7.65018000,32.0800
1622161458474000,1,10.34982000,32.0800
1622161459720000,1,31.53630000,32.0900
1622161461407000,0,62.40000000,32.1200
1622161461571000,1,30.96540000,32.1100
1622161462282000,1,1.94660000,32.1100
1622161463687000,1,0.00000925,32.1100
1622161463687000,1,1.94685157,32.1000
1622161463687000,1,12.65563918,32.1000
1622161463808000,1,0.00007760,32.1000
1622161467829000,1,1.85473231,32.1000
1622161467829000,1,4.63676769,32.1000
1622161468775000,1,0.00006309,32.1000
1622161468775000,1,5.58603691,32.1000
1622161470165000,1,6.46972311,32.1000
1622161478637000,1,1.59457000,32.1100
1622161478745000,1,0.00000398,32.1100
1622161490075000,1,1.58449000,32.1600
1622161490164000,1,0.00000222,32.1600
1622161490275000,1,62.40000000,32.1500
1622161490275000,1,1.58477000,32.1500
1622161490400000,1,1.58477939,32.1600
1622161490549000,1,2.37728862,32.1600
1622161490647000,1,10.29980000,32.1400
1622161490737000,1,0.00003976,32.1400
1622161497365000,1,1.46957789,32.1600
1622161497365000,1,3.67393211,32.1600
1622161497393000,1,0.00001263,32.1600
1622161497875000,1,9.55190000,32.1500
1622161502612000,1,1.34910323,32.1400
1622161502612000,1,3.37274677,32.1400
1622161503410000,1,3.37270000,32.1300
1622161503613000,1,1.34971604,32.1300
1622161503613000,1,3.37274396,32.1300
1622161508842000,1,1.28615500,32.1100
1622161508842000,1,3.21537500,32.1100
1622161509042000,1,0.00001249,32.1100
1622161509042000,1,3.85716751,32.1100
1622161509150000,1,4.50153000,32.1100
1622161509184000,1,0.00000917,32.1100
1622161512583000,0,115.00000000,32.1400
1622161515076000,1,1.25572811,32.1400
1622161515328000,1,3.13988660,32.1300
1622161515328000,1,8.16369340,32.1300
1622161515662000,1,0.00001176,32.1300
1622161515662000,1,1.25572811,32.1300
1622161517133000,1,62.40000000,32.1100
1622161523158000,1,1.12526471,32.1100
1622161523158000,1,2.81315529,32.1100
1622161525720000,1,1.10558697,32.1100
1622161525720000,1,1.10557303,32.1100
1622161525845000,1,0.00001394,32.1100
1622161525845000,1,7.18631528,32.1100
1622161527338000,1,7.18631528,32.0900
1622161527338000,1,1.10558697,32.0900
1622161527338000,1,1.10556775,32.0900
1622161527339000,1,0.00001922,32.0900
1622161528418000,1,1.04853987,32.0700
1622161528418000,1,1.10558697,32.0700
1622161530853000,1,1.04853987,32.0600
1622161530853000,1,1.10546013,32.0600
1622161530862000,1,0.00012684,32.0600
1622161530862000,1,6.81550916,32.0500
1622161530975000,0,37.34247429,32.0900
1622161534682000,1,0.94666821,32.0500
1622161534682000,1,2.36675908,32.0500
1622161534912000,1,6.44247536,32.0400
1622161549170000,1,2.24198496,32.0900
1622161549170000,1,0.89690052,32.0900
1622161549170000,1,5.82984452,32.0900
1622161553772000,1,0.85247779,32.0700
1622161553772000,1,2.13118221,32.0700
1622161557507000,1,0.83791507,32.0500
1622161557507000,1,2.09548493,32.0500
1622161557580000,1,0.00011284,32.0500
1622161572427000,1,5.34507461,32.1000
1622161573680000,1,0.82271371,32.0700
1622161573680000,1,2.05578629,32.0700
1622161576950000,1,0.76201537,32.1100
1622161577165000,1,1.90500000,32.1100
1622161577175000,1,0.00003843,32.1100
1622161577467000,1,0.76201537,32.1000
1622161577467000,1,1.90498463,32.1000
1622161578827000,1,0.00005380,32.1000
1622161578827000,1,31.48956060,32.0900
1622161578827000,1,0.76198560,32.0900
1622161578927000,1,0.00019576,32.0900
1622161579386000,1,1.87340000,32.0800
1622161579388000,1,0.00007664,32.0800
1622161579388000,1,0.74939066,32.0800
1622161579388000,1,4.87083270,32.0800
1622161580330000,1,0.00020656,32.0800
1622161581112000,0,62.40000000,32.1200
1622161586726000,1,1.71101491,32.1200
1622161586726000,1,0.68440596,32.1200
1622161586726000,1,4.45166913,32.1200
1622161587652000,1,0.68440596,32.1100
1622161587652000,1,1.71101491,32.1100
1622161588462000,1,4.45168458,32.0900
1622161588462000,1,0.68440596,32.0900
1622161588462000,1,1.71101491,32.0900
1622161599416000,1,1.49287925,32.1000
1622161599416000,1,3.88135075,32.1000
1622161616261000,0,62.40000000,32.1100
1622161624549000,1,1.42597805,32.1000
1622161628129000,1,3.70754294,32.0800
1622161628129000,1,1.40837877,32.0800
1622161635504000,1,1.34513460,32.0800
1622161639263000,0,20.00000000,32.1000
1622161651661000,1,1.32840738,32.0800
1622161652572000,1,1.32864752,32.0600
1622161676566000,1,1.28554610,32.0400
1622161676567000,1,0.00000001,32.0400
1622161678741000,1,1.28583500,32.0200
1622161678933000,1,0.00000001,32.0200
1622161716825000,1,1.21920000,31.9900
1622161716828000,1,0.00000736,31.9900
1622161718649000,1,62.40000000,31.9800
1622161720661000,1,62.40000000,31.9700
1622161769126000,1,0.67377613,31.9000
1622161769126000,1,3.35352387,31.9000
1622161773804000,1,1.56580000,31.8900
1622161774889000,1,0.00005136,31.8900
1622161816413000,1,3.29295482,31.8100
1622161816413000,1,1.31718193,31.8100
1622161816413000,1,3.72176325,31.8100
1622161822877000,1,62.40000000,31.8000
1622161825032000,1,53.42546146,31.7900
1622161825033000,1,8.97453854,31.7900
1622161864069000,1,62.40000000,31.7300
1622161875078000,1,1.39070000,31.6900
1622161899474000,1,8.54320569,31.6700
1622161899474000,1,3.28584834,31.6700
1622161899474000,1,1.31434597,31.6700
1622161899484000,1,0.00007666,31.6700
1622161913164000,1,3.10988004,31.6500
1622161913164000,1,1.24381996,31.6500
1622161913227000,1,0.00013206,31.6500
1622161921500000,1,62.40000000,31.5900
1622161921500000,1,1.21208342,31.5900
1622161933714000,0,34.10243746,31.6700
1622161936637000,1,1.19813282,31.6400
1622161936637000,1,7.78786333,31.6400
1622161936637000,1,2.99520385,31.6400
1622161936654000,1,0.00012820,31.6400
1622161937040000,1,7.78710000,31.6300
1622161940711000,1,1.10000000,31.6200
1622161940786000,1,0.00000805,31.6200
1622161940786000,1,2.99533205,31.6100
1622161940786000,1,7.78705990,31.6100
1622161941328000,1,1.10000805,31.6000
1622161941328000,1,2.75079195,31.6000
1622161941403000,1,0.00001499,31.6000
1622161941403000,1,7.15198501,31.6000
1622161960435000,1,6.17662800,31.6000
1622161971364000,1,0.91562014,31.5700
1622161971364000,1,2.28905036,31.5700
1622161971364000,1,5.95153093,31.5700
1622161977090000,1,2.17611366,31.5500
1622161977090000,1,0.87026634,31.5500
1622161977274000,1,0.00000822,31.5500
1622162006632000,1,0.85292547,31.6500
1622162006632000,1,2.13231453,31.6500
1622162006633000,1,0.00001263,31.6500
1622162006633000,1,5.54107495,31.6400
1622162006633000,1,136.27451242,31.6200
1622162007379000,1,2.98530000,31.6100
1622162024139000,0,62.40000000,31.5700
1622162032899000,0,62.40000000,31.5900
1622162040032000,1,0.75644899,31.5900
1622162040032000,1,1.89112248,31.5900
1622162040032000,1,4.91739853,31.5900
1622162043570000,1,0.74360045,31.5600
1622162043570000,1,1.85900112,31.5600
1622162043570000,1,4.83339843,31.5600
1622162064379000,0,62.40000000,31.5100
1622162068671000,0,62.40000000,31.5300
1622162112017000,1,0.64677960,31.4400
1622162112414000,1,0.64654088,31.4300
1622162112414000,1,1.61694900,31.4300
1622162112414000,1,62.39999012,31.4300
1622162116619000,1,1.56090000,31.4300
1622162116688000,1,0.00000841,31.4300
1622162116688000,1,4.00740807,31.4200
1622162119055000,1,1.54178000,31.4200
1622162120461000,1,0.65010213,31.4100
1622162120461000,1,1.47246787,31.4100
1622162121889000,1,62.40000000,31.3900
1622162170199000,1,3.29176137,31.3900
1622162170199000,1,1.26605863,31.3900
1622162181523000,1,1.18042000,31.3400
1622162181620000,1,0.00000566,31.3400
1622162181620000,1,3.06527337,31.3300
1622162181620000,1,62.39999097,31.3300
1622162182572000,0,62.40020000,31.3400
1622162182668000,1,62.40000000,31.3200
1622162200188000,1,60.38463000,31.4000
1622162217472000,1,122.78460000,31.3400
1622162233130000,1,1.09021600,31.4100
1622162233130000,1,2.72531248,31.4100
1622162237215000,1,2.72531248,31.3900
1622162237215000,1,1.09020752,31.3900
1622162238061000,1,2.53100495,31.3800
1622162238061000,1,1.01239505,31.3800
1622162254375000,1,0.97526000,31.3900
1622162295428000,1,62.40000000,31.5700
1622162307990000,1,2.29830312,31.4300
1622162307990000,1,0.91929688,31.4300
1622162308217000,1,0.92078871,31.4400
1622162308217000,1,5.05301129,31.4200
1622162309856000,0,62.40000000,31.4500
1622162329019000,1,1.51273000,31.4500
1622162329680000,1,1.51273000,31.4400
1622162344036000,1,1.47191606,31.4400
1622162344036000,1,3.67978394,31.4400
1622162352064000,0,62.40000000,31.4200
1622162371948000,1,1.13960423,31.5200
1622162371948000,1,1.13974147,31.5200
1622162371948000,1,7.41018430,31.5200
1622162380466000,1,1.07803000,31.4800
1622162387328000,1,2.68671636,31.4600
1622162387328000,1,4.29874364,31.4500
1622162387884000,0,62.40000000,31.4600
1622162390514000,0,62.40000000,31.4800
1622162398430000,1,1.03881051,31.4800
1622162398430000,1,2.59740562,31.4800
1622162398430000,1,6.75217387,31.4800
1622162398942000,1,1.03365000,31.4900
1622162399050000,0,62.40000000,31.5000
1622162403261000,1,0.88858181,31.4800
1622162403261000,1,2.27902956,31.4700
1622162403261000,1,5.92547686,31.4700
1622162405042000,1,5.74999323,31.4400
1622162405042000,1,2.21153586,31.4400
1622162405042000,1,0.88460091,31.4400
1622162407464000,0,62.40000000,31.4500
1622162408911000,0,62.40000000,31.4700
1622162414901000,1,2.12181000,31.4800
1622162422259000,0,62.40000000,31.5400
1622162423949000,0,62.40000000,31.5700
1622162426616000,0,62.40000000,31.6100
1622162443080000,1,62.40000000,31.6700
1622162443080000,1,3.32459097,31.6700
1622162443080000,1,1.27867903,31.6700
1622162445955000,1,1.20647030,31.6200
1622162445955000,1,3.13522970,31.6200
1622162451776000,1,1.57979000,31.6000
1622162456998000,1,1.48908000,31.6100
1622162465600000,1,1.46155000,31.5200
1622162468760000,0,38.60080000,31.5500
1622162468859000,0,96.49922421,31.5600
1622162469439000,0,38.58668535,31.5700
1622162472029000,1,1.44603000,31.5300
1622162476915000,1,1.41389320,31.5200
1622162482364000,0,62.40000000,31.5700
1622162489069000,1,3.51016000,31.5900
1622162493913000,1,1.38663963,31.5800
1622162493913000,1,3.46718037,31.5800
1622162501404000,1,1.54721416,31.5900
1622162501404000,1,3.86968584,31.5900
1622162505661000,0,110.00000000,31.6300
1622162514940000,1,3.79127000,31.6800
1622162515287000,1,0.00000619,31.6800
1622162515287000,1,3.79045381,31.6700
1622162515903000,1,3.79127619,31.6700
1622162515903000,1,1.51727381,31.6700
1622162521388000,1,1.45280000,31.6700
1622162533718000,1,1.44615618,31.6200
1622162533718000,1,3.61547382,31.6200
1622162533962000,1,9.24345000,31.6100
1622162534498000,1,62.40000000,31.6000
1622162542403000,1,62.40000000,31.5600
1622162544137000,0,38.54590000,31.6000
1622162547102000,0,38.52836141,31.6100
1622162547102000,0,96.31261214,31.6100
1622162547102000,0,7.60981131,31.6100
1622162552193000,0,91.30800000,31.6400
1622162552244000,0,4.89135763,31.6400
1622162552244000,0,38.48063941,31.6400
1622162558219000,1,62.40000000,31.6500
1622162558498000,1,7.15930000,31.6500
1622162559227000,0,90.00000000,31.6500
1622162559227000,0,62.40000000,31.6600
1622162559227000,0,46.11579279,31.6600
1622162566316000,1,62.40000000,31.6300
1622162587062000,1,60.08540000,31.6900
1622162587125000,1,2.31460000,31.6900
1622162591559000,1,6.87115000,31.6800
1622162598506000,0,145.00000000,31.7500
1622162599866000,1,62.40000000,31.7400
1622162600526000,1,62.40000000,31.7400
1622162605843000,1,6.73864095,31.7300
1622162605843000,1,2.69481905,31.7300
1622162606826000,1,1.20000000,31.7000
1622162607535000,1,62.40000000,31.7100
1622162612443000,1,62.40000000,31.6700
1622162624553000,1,15.83785851,31.5800
1622162631155000,1,6.19926484,31.6200
1622162631155000,1,2.47969516,31.6200
1622162644689000,0,38.54176269,31.6200
1622162644689000,0,63.35640731,31.6200
1622162649347000,0,62.40000000,31.7000
1622162663231000,0,38.40840971,31.7200
1622162663231000,0,39.19159029,31.7200
1622162682802000,1,62.40000000,31.6600
1622162685002000,0,62.40000000,31.6700
1622162690839000,0,62.40000000,31.6700
1622162705339000,1,62.40000000,31.7100
1622162713566000,0,62.40000000,31.6700
1622162713566000,0,38.47538504,31.6700
1622162713566000,0,96.18621496,31.6700
1622162744785000,1,4.74430749,31.6000
1622162744785000,1,11.86179251,31.6000
1622162773697000,1,4.63970000,31.5900
1622162774184000,1,11.63854713,31.5800
1622162774184000,1,80.00000000,31.5700
1622162774675000,1,4.63970000,31.5800
1622162774934000,1,0.00007093,31.5800
1622162774934000,1,4.61872907,31.5800
1622162775892000,1,0.00004221,31.5800
1622162777042000,1,11.28610000,31.5800
1622162778988000,0,9.38546028,31.5900
1622162785523000,1,4.45486107,31.6000
1622162785523000,1,11.13733893,31.6000
1622162785682000,1,28.96095039,31.5900
1622162786118000,1,4.45486107,31.5900
1622162786118000,1,11.13733893,31.5900
1622162786162000,1,0.00009559,31.5900
1622162786559000,1,28.97342075,31.5800
1622162786559000,1,4.45486107,31.5800
1622162786559000,1,11.13743452,31.5800
1622162786894000,1,2.07520000,31.5700
1622162792588000,0,62.40000000,31.5600
1622162792684000,1,32.78889000,31.5600
1622162806498000,1,3.81599831,31.5400
1622162806498000,1,9.54019169,31.5400
1622162808502000,1,3.79873988,31.5200
1622162808502000,1,9.49683012,31.5200
1622162828158000,0,62.40000000,31.5200
1622162834632000,1,3.42151000,31.4900
1622162844861000,0,62.40000000,31.4700
1622162860597000,0,62.40000000,31.4800
1622162861058000,0,62.40000000,31.4800
1622162874454000,0,62.40000000,31.4600
1622162896951000,0,62.40000000,31.5000
1622162907189000,1,3.53996935,31.5100
1622162907189000,1,8.85075065,31.5100
1622162911384000,1,3.48036000,31.4900
1622162965571000,1,3.65276403,31.5200
1622162965571000,1,9.13137597,31.5200
1622162981302000,1,3.57270695,31.5000
1622162981302000,1,8.93175305,31.5000
1622162991715000,0,38.63727179,31.5300
1622162991715000,0,96.59767259,31.5300
1622163004780000,1,4.13120917,31.5000
1622163004780000,1,10.32801083,31.5000
1622163021739000,1,3.97135057,31.4700
1622163021739000,1,9.92836943,31.4700
1622163025318000,0,62.40000000,31.4800
1622163027554000,0,31.31111110,31.5000
1622163028579000,0,62.40000000,31.5100
1622163030054000,1,62.40000000,31.5000
1622163033221000,1,9.59741998,31.4900
1622163048648000,0,96.57276514,31.5300
1622163089659000,0,10.00000000,31.5400
1622163123503000,1,4.16451666,31.4000
1622163123503000,1,10.40717334,31.4000
1622163129986000,1,62.40000000,31.3800
1622163135059000,0,38.82067947,31.3800
1622163140049000,1,62.40000000,31.3400
1622163140167000,1,3.96658582,31.3400
1622163144037000,1,62.40000000,31.3500
1622163150002000,1,62.40000000,31.3400
1622163157116000,1,0.90000000,31.3300
1622163159519000,1,10.25602539,31.3300
1622163159519000,1,4.10241016,31.3300
1622163170919000,1,4.03613470,31.2900
1622163170919000,1,62.39999530,31.2900
1622163174383000,1,4.01350000,31.3000
1622163178087000,1,70.31450000,31.3000
1622163178116000,1,410.00000000,31.3000
1622163178153000,1,799.27945004,31.3000
1622163178153000,1,55.52600000,31.3000
1622163178194000,1,70.00000000,31.3000
1622163178271000,1,80.00000000,31.3000
1622163178366000,1,55.00000000,31.3000
1622163178442000,1,49.26169000,31.3000
1622163178557000,1,290.00000000,31.3000
1622163178652000,1,55.00000000,31.3000
1622163178654000,1,799.62132834,31.3000
1622163178748000,1,55.00000000,31.3000
1622163178835000,1,20.00000000,31.3000
1622163178839000,1,50.00000000,31.3000
1622163178890000,1,201.18989285,31.3000
1622163178919000,1,45.00000000,31.3000
1622163178925000,1,159.94743517,31.3000
1622163178997000,1,210.00000000,31.3000
1622163179077000,1,574.82136494,31.3000
1622163183820000,0,38.90904987,31.3000
1622163183820000,0,36.09095013,31.3000
1622163184168000,0,38.90904987,31.3100
1622163184168000,0,76.09095013,31.3100
1622163187732000,0,105.00000000,31.3200
1622163197513000,0,113.83536164,31.3300
1622163197513000,0,38.87871237,31.3300
1622163197513000,0,37.28592599,31.3300
1622163197603000,0,59.92850000,31.3300
1622163216142000,0,62.40000000,31.2800
1622163216548000,0,62.40000000,31.3000
1622163216548000,0,32.60000000,31.3000
1622163216626000,0,6.31625207,31.3000
1622163216626000,0,63.68374793,31.3000
1622163216662000,0,33.60280640,31.3000
1622163220041000,0,60.00000000,31.3300
1622163228386000,0,38.88818502,31.3200
1622163228386000,0,97.21819847,31.3200
1622163228386000,0,15.09081651,31.3200
1622163232571000,1,6.13662783,31.3000
1622163254384000,0,62.40000000,31.2100
1622163254616000,0,38.25526291,31.2200
1622163254616000,0,24.14493709,31.2300
1622163276238000,0,37.17529000,31.3100
1622163285590000,1,62.40000000,31.3900
1622163291418000,0,9.49348861,31.4000
1622163291663000,0,27.00531632,31.4000
1622163291663000,0,38.49089368,31.4000
1622163293179000,0,29.99202620,31.4100
1622163296137000,0,36.48186293,31.4200
1622163296137000,0,89.66217727,31.4200
1622163297405000,1,62.40000000,31.4100
1622163300054000,1,62.40000000,31.3900
1622163312461000,0,33.64867000,31.3700
1622163312766000,0,84.13836000,31.3800
1622163330354000,0,30.10942289,31.2200
1622163330354000,0,79.99999711,31.2200
1622163332697000,1,18.91304741,31.2200
1622163336605000,1,18.67067000,31.2300
1622163344911000,1,7.37515000,31.2200
1622163353178000,0,31.07803000,31.2200
1622163353359000,0,0.00000442,31.2200
1622163353359000,0,31.08359558,31.2300
1622163356292000,0,74.88010673,31.2200
1622163356463000,1,0.70000000,31.1900
1622163356544000,0,29.95275000,31.2200
1622163363118000,0,28.05807301,31.2300
1622163363118000,0,70.14626699,31.2300
1622163367860000,0,25.79834000,31.2600
1622163372324000,1,106.58690000,31.2300
1622163385886000,1,21.39608000,31.2700
1622163386056000,1,0.00000059,31.2700
1622163386059000,1,21.39033572,31.2600
1622163395038000,1,8.35516709,31.1900
1622163395038000,1,20.88783291,31.1900
1622163410070000,1,3.55620000,31.2200
1622163410072000,1,4.65440000,31.2200
1622163413256000,0,62.40000000,31.2600
1622163423314000,1,20.50814965,31.2500
1622163423314000,1,8.20324035,31.2500
1622163425747000,1,20.15927156,31.2200
1622163425747000,1,8.06369844,31.2200
1622163438301000,0,62.40000000,31.2100
1622163447762000,1,7.78060000,31.2200
1622163452033000,1,50.63163000,31.1900
1622163457984000,1,0.00000855,31.1900
1622163457984000,1,19.45673841,31.1800
1622163457984000,1,7.94488349,31.1800
1622163457984000,1,240.07182126,31.1700
1622163457984000,1,54.42725940,31.1700
1622163459134000,0,62.40000000,31.2000
1622163461765000,1,7.47821000,31.1900
1622163494230000,0,62.40000000,31.2700
1622163496951000,1,9.98653000,31.2600
1622163502742000,1,24.73666034,31.2400
1622163502742000,1,9.89465966,31.2400
1622163518274000,1,9.71591025,31.2500
1622163518274000,1,24.28712975,31.2500
1622163539192000,0,37.94729000,31.2600
1622163552230000,1,9.11650455,31.2200
1622163552230000,1,22.79198545,31.2200
1622163571089000,0,62.40000000,31.1700
1622163609681000,1,100.19946000,31.0500
1622163610129000,1,65.00000000,31.0500
1622163610538000,1,22.57180142,31.0500
1622163610617000,1,128.17608157,31.0500
1622163619543000,0,36.18760000,31.0300
1622163622142000,0,90.42532454,31.0600
1622163622142000,0,36.19925641,31.0600
1622163622993000,0,88.85240129,31.0500
1622163622993000,0,55.36689871,31.0500
1622163623024000,0,37.60000000,31.0500
1622163628446000,1,62.40000000,31.0100
1622163637718000,1,9.12033850,31.0000
1622163637718000,1,22.79636150,31.0000
1622163638709000,0,62.40000000,31.0300
1622163639046000,0,29.02620690,31.0400
1622163639046000,0,2.89049310,31.0400
1622163639234000,0,29.20244750,31.0300
1622163639234000,0,40.45496250,31.0400
1622163659051000,1,7.72658000,30.9700
1622163661018000,1,62.40000000,30.9800
1622163679676000,1,62.40000000,31.0000
1622163692305000,1,8.22325927,30.9600
1622163692305000,1,53.45584626,30.9600
1622163692305000,1,20.55839447,30.9600
1622163702236000,1,8.06132895,30.9700
1622163702236000,1,20.15579431,30.9700
1622163702604000,1,14.34560000,30.9600
1622163718218000,0,3.20038597,31.0900
1622163729061000,0,62.40000000,31.0100
1622163743992000,1,473.83536000,30.8400
1622163744261000,1,0.00000164,30.8400
1622163744733000,1,766.88307000,30.8300
1622163745220000,0,18.00000000,30.8600
1622163745577000,0,62.40000000,30.8600
1622163745731000,0,60.04110000,30.8700
1622163746466000,1,811.32919179,30.8300
1622163747054000,1,811.40288533,30.8300
1622163747222000,1,20.00000000,30.8300
1622163747326000,1,65.44110000,30.8300
1622163747442000,1,205.36882586,30.8300
1622163748551000,0,57.33168000,30.8100
1622163749154000,0,62.40000000,30.8400
1622163749557000,0,62.40000000,30.8400
1622163749759000,0,45.00000000,30.8500
1622163749849000,0,12.29789761,30.8500
1622163749849000,0,148.92289866,30.8500
1622163749849000,0,22.93011373,30.8500
1622163753804000,1,2.27099398,30.8000
1622163753917000,1,1.62179278,30.7900
1622163753917000,1,8.87484543,30.7600
1622163753917000,1,65.18661355,30.7600
1622163753917000,1,10.00000000,30.7500
1622163753917000,1,20.20000000,30.7400
1622163753917000,1,51.11674824,30.7200
1622163753986000,1,5.00000000,30.7200
1622163757125000,0,62.40000000,30.7500
1622163757737000,1,22.67937000,30.7100
1622163758594000,0,62.40000000,30.7400
1622163764915000,0,51.96560000,30.7600
1622163766227000,1,21.86918534,30.7300
1622163766227000,1,8.75182466,30.7300
1622163766484000,0,62.40000000,30.7200
1622163766823000,0,20.00000000,30.7300
1622163767019000,0,22.40000000,30.7200
1622163767126000,0,17.60000000,30.7200
1622163770113000,0,62.40000000,30.7700
1622163772230000,1,62.40000000,30.7400
1622163772230000,1,8.93366058,30.7400
1622163773335000,1,62.40000000,30.7000
1622163777968000,0,20.77240761,30.7100
1622163777998000,0,51.95473677,30.7200
1622163777998000,0,20.78026323,30.7200
1622163778239000,0,0.00012465,30.7200
1622163778239000,0,62.39987535,30.7200
1622163778269000,0,72.61725570,30.7200
1622163778269000,0,163.03201161,30.7300
1622163778421000,0,120.04861000,30.7300
1622163778429000,0,42.98340161,30.7300
1622163778429000,0,20.00000000,30.7400
1622163778429000,0,72.04509839,30.7400
1622163778876000,0,20.78038788,30.7300
1622163778876000,0,2.17261212,30.7300
1622163779314000,0,55.00000000,30.7300
1622163779497000,0,75.00000000,30.7300
1622163779883000,0,90.90560000,30.7300
1622163785727000,1,62.40000000,30.7300
1622163788367000,1,62.40000000,30.7000
1622163790694000,0,110.00000000,30.7400
1622163793108000,0,76.49440000,30.7300
1622163793215000,0,9.30082511,30.7300
1622163793215000,0,13.19960919,30.7300
1622163793215000,0,32.99872570,30.7300
1622163793763000,0,11.63012000,30.7300
1622163793859000,0,17.44450000,30.7300
1622163807444000,1,62.40000000,30.6800
1622163807444000,1,137.59133560,30.6700
1622163812977000,0,62.40000000,30.7100
1622163813990000,1,62.40000000,30.6900
1622163824801000,0,62.40000000,30.6800
1622163825920000,0,62.40000000,30.7000
1622163827546000,0,49.12244000,30.7300
1622163833456000,0,7.55190201,30.7400
1622163839621000,1,62.40000000,30.7200
1622163845834000,0,36.46217106,30.7500
1622163845834000,0,25.93782894,30.7500
1622163856243000,1,62.40000000,30.8600
1622163859238000,1,62.40000000,30.8000
1622163859238000,1,81.63416004,30.7900
1622163859238000,1,20.31890459,30.7900
1622163859691000,1,101.95300000,30.8000
1622163860176000,1,80.00000000,30.8000
1622163862373000,1,11.99230000,30.8200
1622163866145000,1,62.40000000,30.8100
1622163868879000,1,6.53210000,30.7800
1622163883459000,1,11.79198213,30.7800
1622163883459000,1,29.48371787,30.7800
1622163883738000,1,0.00013790,30.7800
1622163883738000,1,21.12416210,30.7700
1622163889467000,0,62.40000000,30.8300
1622163891823000,1,11.47011502,30.8200
1622163891823000,1,28.67565349,30.8200
1622163891823000,1,21.55456272,30.8200
1622163894116000,0,62.40000000,30.8600
1622163895058000,0,9.93246705,30.8900
1622163895058000,0,10.18658295,30.8900
1622163895100000,0,0.00001321,30.8900
1622163895503000,0,23.24530000,30.9100
1622163902954000,1,11.44902941,30.9200
1622163902954000,1,28.62292059,30.9200
1622163903447000,1,74.45624000,30.9000
1622163909459000,1,10.82597154,30.8800
1622163915991000,0,12.14666000,30.8500
1622163916553000,0,12.14666296,30.8700
1622163916553000,0,12.13463704,30.8700
1622163916567000,0,0.00014042,30.8700
1622163916567000,0,55.71855958,30.8800
1622163928287000,0,6.39645581,30.8900
1622163928653000,1,27.63658088,30.8600
1622163928653000,1,10.91770908,30.8600
1622163928653000,1,70.97061004,30.8600
1622163933307000,0,183.59308818,30.9000
1622163933308000,0,177.45135261,30.9000
1622163933341000,0,20.00000000,30.9000
1622163933374000,0,9.79988804,30.9000
1622163933494000,0,16.40697816,30.9000
1622163933494000,0,8.51611241,30.9000
1622163934380000,0,2.10000000,30.9800
1622163936075000,1,10.33974000,30.9300
1622163936239000,1,0.00000876,30.9300
1622163936239000,1,25.85661155,30.9300
1622163937488000,0,62.40000000,30.9600
1622163938324000,1,62.40000000,30.9400
1622163946829000,1,6.73210807,30.8800
1622163950073000,0,62.40000000,30.9100
1622163950073000,0,10.11670000,30.9100
1622163950356000,0,23.69248559,30.9200
1622163950356000,0,61.61447486,30.9200
1622163951176000,1,62.40000000,30.9200
1622163952824000,1,9.98980000,30.8900
1622163952858000,1,0.00000403,30.8900
1622163952934000,1,25.09954000,30.8800
1622163953271000,1,0.00000917,30.8800
1622163953271000,1,9.98979083,30.8800
1622163953291000,1,0.00001320,30.8800
1622163958453000,1,10.25937000,30.8600
1622163958514000,1,0.00000848,30.8600
1622163958783000,1,25.64898056,30.8500
1622163958783000,1,10.25830944,30.8500
1622163964009000,0,20.00000000,30.8900
1622163966526000,1,62.39999999,30.9200
1622163968944000,1,40.63540000,30.8800
1622163972137000,0,7.65699000,30.8600
1622163973823000,1,9.86731793,30.8600
1622163973823000,1,62.40000000,30.8500
1622163973823000,1,24.58154960,30.8400
1622163983646000,1,9.67335000,30.9300
1622163983761000,1,0.00000742,30.9300
1622163984907000,1,9.67335000,30.9000
1622163996064000,1,62.40000000,30.8800
1622163996064000,1,23.20845924,30.8500
1622163996064000,1,60.34645625,30.8400
1622163996064000,1,20.00000000,30.8400
1622163996064000,1,47.54655484,30.8400
1622164000186000,1,8.84420000,30.9200
1622164000583000,0,8.96558808,30.9500
1622164001037000,1,62.40000000,30.9300
1622164003290000,1,8.76157596,30.9100
1622164007586000,0,40.97855000,30.9300
1622164020607000,1,62.40000000,30.9300
1622164020607000,1,62.40000000,30.9100
1622164020607000,1,8.87190413,30.9100
1622164020607000,1,94.67189032,30.9100
1622164022227000,0,7.67174207,30.9600
1622164022227000,0,19.17935519,30.9600
1622164023462000,0,16.86057000,30.9800
1622164023495000,0,0.00000581,30.9800
1622164023904000,0,1.62179000,30.9900
1622164024540000,0,0.00000278,30.9900
1622164028377000,0,1.09405000,31.0300
1622164028646000,0,0.00000100,31.0300
1622164029208000,0,32.00229000,31.0500
1622164032083000,1,62.40000000,31.0400
1622164042705000,0,62.40000000,30.9900
1622164044655000,1,62.40000000,30.9800
1622164044655000,1,9.74220000,30.9800
1622164053940000,0,62.40000000,31.0000
1622164054136000,0,46.53776252,31.0100
1622164054136000,0,17.89949892,31.0100
1622164054136000,0,7.15979957,31.0100
1622164054482000,0,7.15979957,31.0300
1622164054482000,0,17.89949892,31.0300
1622164054482000,0,46.53774151,31.0300
1622164063763000,1,10.84589698,31.0200
1622164067561000,1,10.78946438,31.0300
1622164067561000,1,26.96913562,31.0300
1622164067788000,1,0.00001297,31.0300
1622164067788000,1,70.67748703,31.0200
1622164067870000,1,0.00002224,31.0200
1622164074143000,0,62.40000000,31.0300
1622164076784000,1,62.40000000,31.0100
1622164084400000,1,9.50972487,30.9900
1622164084400000,1,23.78147513,30.9900
1622164086292000,1,9.51740000,30.9800
1622164086498000,1,0.00005800,30.9800
1622164086498000,1,23.78144200,30.9800
1622164087433000,1,0.00007795,30.9800
1622164087433000,1,61.83463290,30.9700
1622164089590000,1,62.40000000,30.9300
1622164092122000,0,62.40000000,30.9300
1622164094530000,0,6.55517684,30.9700
1622164097182000,1,8.78628000,30.9500
1622164097234000,1,0.00000353,30.9500
1622164097258000,1,8.79224560,30.9400
1622164101788000,1,8.70169932,30.9500
1622164101788000,1,21.75424831,30.9500
1622164102351000,1,30.45580000,30.9400
1622164105648000,0,62.40000000,30.9800
1622164107953000,0,31.93394593,31.0200
1622164108740000,0,28.58280000,31.0300
1622164109859000,0,62.40000000,31.0400
1622164110135000,0,0.00000007,31.0500
1622164110135000,0,11.42551759,31.0500
1622164110135000,0,28.56363234,31.0500
1622164110171000,0,0.00001523,31.0500
1622164110171000,0,62.39998477,31.0600
1622164113492000,0,8.07514406,31.0600
1622164115576000,1,62.40000000,31.0100
1622164117777000,1,22.03340000,31.0000
1622164119091000,0,5.00000000,31.0400
1622164119660000,0,5.00000000,31.0500
1622164123167000,1,9.05312000,31.0300
1622164131710000,1,9.00856554,31.0200
1622164131710000,1,0.77077131,31.0200
1622164137736000,0,62.40000000,31.0600
1622164144480000,1,62.40000000,31.0300
1622164154443000,1,8.95605000,31.0500
1622164154583000,1,0.00000945,31.0500
1622164162190000,1,22.29082000,31.0300
1622164162610000,1,22.28465000,31.0200
1622164166447000,1,8.42721000,31.0100
1622164166523000,1,0.00000861,31.0100
1622164166523000,1,21.07795139,31.0100
1622164184007000,1,8.39627000,31.0100
1622164184234000,1,0.00000183,31.0100
1622164184470000,1,8.39713000,31.0000
1622164187586000,0,62.40000000,31.0300
1622164187586000,0,97.06632739,31.0300
1622164192448000,1,8.26916000,31.0100
1622164192524000,1,0.00000691,31.0100
1622164197165000,0,15.33634000,31.0400
1622164201019000,1,8.30277000,31.0100
1622164204703000,0,62.40000000,30.9800
1622164207076000,0,62.40000000,31.0000
1622164207554000,0,36.48709385,31.0100
1622164207554000,0,14.59900615,31.0100
1622164213190000,0,62.40000000,31.0200
1622164219900000,1,8.26654000,31.0400
1622164237649000,1,53.62060486,30.9800
1622164237649000,1,8.24904368,30.9800
1622164237649000,1,8.24977146,30.9800
1622164255506000,1,95.00000000,30.8800
1622164255652000,1,123.89626000,30.8800
1622164255659000,1,81.05019123,30.8800
1622164255975000,1,416.10374000,30.8700
1622164256069000,1,195.00000000,30.8700
1622164256319000,1,320.00000000,30.8700
1622164256630000,1,41.66795000,30.8700
1622164256704000,1,38.80123849,30.8700
1622164257738000,0,62.40000000,30.8800
1622164260895000,0,55.00000000,30.8800
1622164261018000,0,7.40000000,30.8800
1622164262035000,0,62.40000000,30.8900
1622164265454000,0,62.40000000,30.9000
1622164266922000,0,62.40000000,30.9200
1622164286511000,1,32.16023000,30.8300
1622164288746000,0,62.40000000,30.8300
1622164290038000,0,62.40000000,30.8200
1622164297546000,0,39.49963000,30.8200
1622164304829000,0,39.43769514,30.8700
1622164304829000,0,88.76506624,30.8700
1622164308614000,0,135.86060000,30.8700
1622164331831000,0,9.50914000,30.8300
1622164341337000,0,0.00000268,30.8300
1622164365505000,0,39.31020625,30.9600
1622164385206000,0,12.12262275,31.0200
1622164397485000,0,39.21552646,31.0400
1622164399352000,0,97.99130064,31.0600
1622164399352000,0,0.06119936,31.0600
1622164403290000,1,59.50914000,31.0000
1622164406140000,0,50.00000000,31.0200
1622164407544000,0,39.22162001,31.0600
1622164407544000,0,98.05176664,31.0600
1622164407977000,0,118.59193329,31.0600
1622164407977000,0,74.76966671,31.0700
1622164408279000,0,39.20671847,31.0700
1622164408279000,0,79.38518153,31.0700
1622164409334000,0,18.62933000,31.0700
1622164409677000,1,62.40000000,31.0500
1622164413360000,1,62.40000000,31.0300
1622164414126000,1,0.80000000,31.0100
1622164414209000,1,56.22933000,31.0100
1622164415061000,1,42.38431000,30.9900
1622164432426000,1,55.00000000,30.9700
1622164432429000,1,7.40000000,30.9700
1622164433799000,1,62.40000000,30.9400
1622164444355000,1,8.41349831,30.8800
1622164444355000,1,21.03360169,30.8800
1622164455783000,0,39.45954864,30.8800
1622164455783000,0,25.54045136,30.8800
1622164455867000,0,45.00000000,30.8800
1622164455962000,0,28.10611000,30.8800
1622164466069000,0,39.40401000,30.9100
1622164467227000,0,39.37766186,30.9300
1622164467227000,0,39.40034616,30.9300
1622164469913000,1,8.83780000,30.9000
1622164470005000,1,0.00006409,30.9000
1622164470339000,1,8.83780000,30.8900
1622164470949000,1,0.00006409,30.8900
1622164470949000,1,23.09435868,30.8900
1622164484159000,0,39.39218700,30.9200
1622164484159000,0,40.60781300,30.9200
1622164486735000,1,22.58604562,30.8900
1622164486735000,1,9.03435438,30.8900
1622164486746000,1,0.00006387,30.8900
1622164486746000,1,61.30170866,30.8900
1622164486746000,1,78.00000000,30.8800
1622164487172000,1,22.58604562,30.8800
1622164487172000,1,42.10415438,30.8800
1622164491965000,0,53.15722656,30.8900
1622164492190000,1,20.45230000,30.8800
1622164492256000,1,0.00000075,30.8800
1622164492256000,1,20.44461925,30.8800
1622164492273000,1,0.00000669,30.8800
1622164492273000,1,62.40000000,30.8800
1622164504317000,1,7.72860000,30.8300
1622164505777000,1,1.51430000,30.8200
1622164508768000,1,175.00000000,30.8000
1622164508885000,1,185.71428571,30.8000
1622164515466000,0,62.40000000,30.8200
1622164518595000,0,62.40000000,30.8300
1622164523309000,0,62.40000000,30.9000
1622164534661000,0,98.52898015,30.9000
1622164534661000,0,39.41241985,30.9000
1622164552138000,0,49.25870000,30.9800
1622164552414000,0,49.03291306,30.9800
1622164552414000,0,39.30917694,30.9800
1622164573694000,1,62.40000000,31.0300
1622164587457000,1,8.35580000,30.9900
1622164587588000,1,8.35610000,30.9800
1622164608795000,1,62.40000000,31.0400
1622164640839000,1,8.22183154,30.9900
1622164640839000,1,20.55882264,30.9900
1622164640839000,1,53.44574582,30.9900
1622164657398000,0,39.18017633,31.0800
1622164657398000,0,20.81982367,31.0800
1622164657493000,0,77.12838000,31.0800
1622164659823000,1,20.64280000,31.0700
1622164688097000,0,40.90946336,31.1400
1622164693737000,1,16.26068599,31.1400
1622164698987000,0,86.39404000,31.1500
1622164699066000,0,74.24650000,31.1400
1622164706840000,1,62.40000000,31.1400
1622164712194000,1,20.05625871,31.1400
1622164712194000,1,52.14742250,31.1400
1622164712635000,0,39.05571030,31.1800
1622164712635000,0,97.61883449,31.1800
1622164736315000,1,62.40000000,31.3200
1622164736912000,1,8.63200000,31.2900
1622164740404000,1,8.59117395,31.2900
1622164743741000,1,8.55260000,31.2800
1622164744814000,1,0.00007385,31.2800
1622164744814000,1,21.38537370,31.2800
1622164746397000,1,8.50910000,31.2900
1622164750341000,1,8.36120000,31.2900
1622164751434000,1,0.00007921,31.2900
1622164751434000,1,20.90362079,31.2800
1622164751791000,1,0.00011151,31.2800
1622164751791000,1,54.34938849,31.2700
1622164753130000,0,62.40000000,31.3000
1622164753511000,0,62.40000000,31.3300
1622164755742000,1,19.83511000,31.3200
1622164758495000,1,7.93916229,31.3000
1622164758495000,1,31.20277196,31.3000
1622164759024000,1,31.19722804,31.3000
1622164775827000,0,38.55295243,31.3800
1622164775827000,0,16.85184757,31.3800
1622164779236000,1,7.56791154,31.3500
1622164779236000,1,19.61790639,31.3500
1622164779236000,1,51.02586207,31.3500
1622164793472000,1,7.35208000,31.3100
1622164793574000,1,0.00000262,31.3100
1622164798692000,1,7.66755350,31.3100
1622164798692000,1,19.16593650,31.3100
1622164798707000,1,0.00001012,31.3100
1622164801085000,1,30.44225000,31.3000
1622164801212000,1,0.00000239,31.3000
1622164801800000,1,7.59702163,31.2900
1622164805121000,1,19.16594662,31.2600
1622164805121000,1,7.59702163,31.2600
1622164805121000,1,19.00299389,31.2600
1622164805121000,1,62.39998786,31.2600
1622164805755000,1,19.16594662,31.2400
1622164805755000,1,18.21525338,31.2400
1622164805863000,1,0.00006966,31.2400
1622164805863000,1,25.01853034,31.2300
1622164810272000,1,6.83508643,31.2300
1622164810395000,1,0.00000001,31.2300
1622164822662000,1,44.55598000,31.2900
1622164822665000,1,0.00000998,31.2900
1622164835638000,0,62.40000000,31.2700
1622164842795000,1,62.40000000,31.2700
1622164842795000,1,37.43374293,31.2600
1622164843404000,1,6.44839000,31.2700
1622164843442000,1,0.00000278,31.2700
1622164843781000,1,4.48289309,31.2600
1622164843781000,1,6.44858691,31.2600
1622164854619000,0,63.25591835,31.2700
1622164861511000,1,6.48793942,31.2500
1622164861511000,1,6.48968160,31.2500
1622164879380000,1,62.40000000,31.2700
1622164879380000,1,25.60000000,31.2600
1622164880845000,1,25.60000000,31.2700
1622164897110000,0,15.80937846,31.3700
1622164909916000,1,15.20607216,31.3300
1622164910013000,1,6.08050000,31.3400
1622164910255000,1,15.51370000,31.3200
1622164955825000,1,55.00000000,31.3400
1622164955882000,1,7.40000000,31.3400
1622164976816000,1,62.40000000,31.3700
1622165001378000,0,65.00000000,31.3600
1622165016689000,0,38.82841684,31.3600
1622165016689000,0,97.06878072,31.3600
1622165030687000,1,6.65239957,31.3700
1622165049322000,1,6.62690000,31.3400
1622165049678000,1,0.00001729,31.3400
1622165075481000,1,16.20026000,31.2500
1622165075837000,1,62.40000000,31.2400
1622165099964000,1,62.40000000,31.2200
1622165106352000,0,38.97310862,31.2500
1622165106352000,0,97.43050200,31.2500
1622165118948000,0,38.94368479,31.2700
1622165118948000,0,97.35693521,31.2700
1622165131138000,1,51.30760000,31.2800
1622165131407000,1,0.00004994,31.2800
1622165131407000,1,7.89348461,31.2800
1622165131407000,1,7.89187179,31.2800
1622165186331000,0,96.50382000,31.3600
1622165186439000,0,0.57370010,31.3600
1622165186439000,0,38.83212990,31.3600
1622165189182000,1,8.05150000,31.3500
1622165189214000,1,0.00005685,31.3500
1622165189214000,1,52.33454315,31.3500
1622165189434000,1,20.12820000,31.3500
1622165192069000,1,19.12232125,31.3500
1622165192069000,1,8.05130014,31.3400
1622165192069000,1,52.33460047,31.3400
1622165192516000,1,1.00590000,31.3400
1622165192702000,1,6.64570000,31.3400
1622165196115000,1,0.00001210,31.3400
1622165196115000,1,8.20628790,31.3400
1622165207735000,1,62.40000000,31.4000
1622165214547000,1,7.12730144,31.3900
1622165214547000,1,17.82143153,31.3900
1622165230460000,1,12.93680000,31.3700
1622165230839000,1,7.00758879,31.3700
1622165230839000,1,17.50701121,31.3700
1622165259103000,1,62.40000000,31.4500
1622165262599000,1,6.70590000,31.4300
1622165262652000,1,0.00002103,31.4300
1622165262683000,1,16.76590000,31.4200
1622165263133000,1,6.70720000,31.4200
1622165269063000,1,6.52009827,31.4300
1622165269063000,1,16.30024568,31.4300
1622165269063000,1,9.40075605,31.4300
1622165273212000,1,6.35894000,31.4300
1622165273447000,1,0.00000456,31.4300
1622165273447000,1,15.89805544,31.4300
1622165335066000,1,15.35947569,31.4200
1622165335067000,1,0.74577880,31.4200
1622165335067000,1,6.44189690,31.4200
1622165342009000,1,6.32981000,31.4300
1622165384923000,1,62.40000000,31.5100
1622165385541000,0,6.27398438,31.5000
1622165389769000,1,6.24130000,31.5000
1622165389783000,1,0.00000879,31.5000
1622165389783000,1,40.56799121,31.5000
1622165394115000,0,7.33608116,31.5400
1622165411902000,1,1.98110000,31.5200
1622165415368000,1,6.75845498,31.4900
1622165415368000,1,16.89612502,31.4900
1622165428565000,1,62.40000000,31.5100
1622165428565000,1,6.52235965,31.5100
1622165429067000,1,42.39609359,31.5000
1622165429067000,1,16.30476097,31.5000
1622165431048000,1,6.49170000,31.5000
1622165431058000,1,0.00006668,31.5000
1622165431134000,1,16.30470000,31.4900
1622165439384000,1,6.09034300,31.4600
1622165439384000,1,15.22585749,31.4600
1622165450244000,1,7.69999999,31.4600
1622165450266000,1,30.68981135,31.4600
1622165450558000,1,0.50200846,31.4600
1622165450558000,1,14.95359180,31.4600
1622165456660000,1,5.65648849,31.4500
1622165456660000,1,14.14122124,31.4500
1622165462674000,1,14.14122124,31.4300
1622165462674000,1,5.65647876,31.4300
1622165467061000,1,5.46676844,31.4100
1622165467164000,1,5.46676000,31.4100
1622165467183000,1,8.19981313,31.4100
1622165467212000,1,28.57220000,31.4000
1622165473470000,1,5.23490918,31.3700
1622165482443000,0,62.40000000,31.3900
1622165489987000,0,56.83530000,31.4200
1622165498944000,1,5.22153439,31.3700
1622165498944000,1,13.05383598,31.3700
1622165498944000,1,33.93131972,31.3700
1622165502121000,0,52.20660000,31.3800
1622165528542000,1,62.40000000,31.4900
1622165528910000,1,5.22948986,31.4800
1622165528910000,1,5.22948986,31.4800
1622165528910000,1,34.00118056,31.4700
1622165531045000,1,17.94010000,31.4600
1622165531447000,1,5.22948986,31.4600
1622165531447000,1,5.22948986,31.4600
1622165555454000,0,10.00000000,31.4900
1622165558714000,0,145.75901000,31.4800
1622165589309000,0,12.25912988,31.4900
1622165605907000,0,7.33608000,31.4900
1622165606956000,0,0.00000116,31.4900
1622165629680000,1,62.40000000,31.6200
1622165630053000,1,29.18687951,31.6000
1622165630053000,1,11.22563087,31.6000
1622165631311000,1,4.49200000,31.6000
1622165633948000,1,4.34714355,31.5800
1622165633948000,1,10.86785888,31.5800
1622165650963000,1,4.17323000,31.6400
1622165651063000,1,0.00000153,31.6400
1622165664053000,1,4.32962719,31.5800
1622165664053000,1,10.82406797,31.5800
1622165669041000,1,62.40000000,31.5800
1622165669606000,1,62.40000000,31.5800
1622165673408000,1,62.40000000,31.5900
1622165688707000,1,62.40000000,31.6000
1622165698395000,1,62.40000000,31.6300
1622165698395000,1,3.80394000,31.6300
1622165721730000,1,3.72350756,31.6200
1622165721730000,1,9.30700319,31.6200
1622165743938000,1,62.40000000,31.6200
1622165743938000,1,8.96920162,31.6200
1622165743938000,1,3.58768065,31.6200
1622165744586000,1,62.40000000,31.6200
1622165745093000,1,62.40000000,31.6200
1622165746171000,1,23.32111461,31.6100
1622165746171000,1,3.52627586,31.6100
1622165746171000,1,8.81568964,31.6100
1622165746171000,1,62.40000000,31.6100
1622165750013000,0,65.00000000,31.6300
1622165750502000,0,65.00000000,31.6300
1622165750594000,0,28.09471378,31.6300
1622165750594000,0,1.62999622,31.6300
1622165763638000,1,3.29098055,31.6300
1622165763638000,1,8.22797148,31.6300
1622165767136000,0,158.12102000,31.6300
1622165779981000,1,21.03113318,31.6000
1622165779981000,1,3.23588645,31.6000
1622165779981000,1,8.08970037,31.6000
1622165780103000,1,0.00001575,31.6000
1622165789326000,1,62.40000000,31.6000
1622165789326000,1,2.96177000,31.6000
1622165789583000,1,0.00000490,31.6000
1622165806795000,1,2.94635085,31.6000
1622165806795000,1,7.36587711,31.6000
1622165806795000,1,19.15054204,31.6000
1622165811097000,1,2.65300932,31.5800
1622165811097000,1,6.63251068,31.5800
1622165811426000,1,0.00001261,31.5800
1622165816121000,1,2.59397925,31.5800
1622165816121000,1,6.48482075,31.5800
1622165816207000,1,0.00012736,31.5800
1622165823104000,0,1.68413808,31.5800
1622165837463000,1,20.12357594,31.5900
1622165837572000,1,2.69360685,31.5800
1622165837572000,1,2.69273817,31.5800
1622165856535000,0,150.62352000,31.6000
1622165867483000,1,12.48714037,31.6100
1622165903077000,0,1.79496209,31.6200
1622165905887000,1,2.03490000,31.6200
1622165906017000,1,0.00009747,31.6200
1622165906017000,1,5.08780253,31.6200
1622165916500000,0,0.00000749,31.6300
1622165924036000,1,1.97781052,31.6500
1622165924036000,1,4.94430767,31.6500
1622165924036000,1,12.85518181,31.6500
1622165924425000,1,1.97780000,31.6400
1622165930772000,1,4.67175234,31.6500
1622165930772000,1,1.86870094,31.6500
1622165931279000,1,4.67319854,31.6400
1622165931279000,1,785.26410711,31.6400
1622165931868000,1,1.86870094,31.6400
1622165931868000,1,4.67175234,31.6400
1622165935468000,1,12.15269625,31.6300
1622165937870000,0,2.27099398,31.6600
1622165940776000,1,1.71942812,31.6500
1622165940776000,1,4.29851571,31.6500
1622165940776000,1,11.17614085,31.6500
1622165944282000,1,10.62137995,31.6400
1622165944858000,1,1.63405845,31.6400
1622165947114000,1,4.08623051,31.6100
1622165947114000,1,1.63405845,31.6100
1622165948585000,0,18.33164717,31.6300
1622165948991000,1,64.73000000,31.6000
1622165950649000,0,10.12904371,31.6300
1622165968863000,1,1.54311439,31.6700
1622165968863000,1,3.85751805,31.6700
1622165968905000,1,0.00000001,31.6700
1622165968954000,1,10.02930000,31.6600
1622165969126000,1,0.00005699,31.6600
1622165988229000,0,1.86847182,31.6400
1622165996733000,1,9.42269499,31.6600
1622165996733000,1,3.62411346,31.6600
1622165996733000,1,1.44969155,31.6600
1622166011605000,1,3.44745072,31.6300
1622166011605000,1,1.37899771,31.6300
1622166011605000,1,409.10536164,31.6300
1622166011605000,1,8.96658993,31.6300
1622166011868000,1,1.57160821,31.6400
1622166011868000,1,3.92902054,31.6400
1622166018551000,1,62.40000000,31.6000
1622166028003000,1,62.40000000,31.6300
1622166029631000,1,1.47666677,31.6000
1622166029631000,1,1.47685361,31.6000
1622166043442000,1,1.42392806,31.5600
1622166043442000,1,9.25553241,31.5600
1622166043442000,1,3.55982016,31.5600
1622166047537000,1,1.35350000,31.5500
1622166057892000,0,1.55827000,31.5700
1622166066229000,1,1.35087223,31.6100
1622166066229000,1,3.37649741,31.6100
1622166066229000,1,5.40428312,31.6000
1622166067206000,1,1.35070000,31.6200
1622166067402000,1,0.00006120,31.6200
1622166067402000,1,3.37673880,31.6200
1622166068285000,1,1.35076120,31.6100
1622166068285000,1,3.37679626,31.6100
1622166072751000,1,1.28097559,31.5900
1622166072751000,1,3.20233753,31.5900
1622166072751000,1,8.32607757,31.5900
1622166073449000,1,1.28093501,31.5800
1622166073449000,1,3.20233753,31.5800
1622166082389000,1,2.98618391,31.5900
1622166082389000,1,1.19447356,31.5900
1622166082389000,1,7.76544253,31.5900
1622166082805000,1,1.19447356,31.5800
1622166082805000,1,2.98618391,31.5800
1622166085244000,0,15.09908198,31.5900
1622166098637000,1,62.40000000,31.5900
1622166118547000,0,11.32383665,31.5900
1622166119545000,1,1.09579809,31.5600
1622166119545000,1,2.73958200,31.5600
1622166119555000,1,0.00000001,31.5600
1622166126685000,0,8.50126742,31.5600
1622166131178000,1,62.40000000,31.5100
1622166131442000,1,1.05933186,31.5000
1622166131442000,1,2.64608018,31.5000
1622166131480000,1,0.00000001,31.5000
1622166131538000,1,6.88701153,31.4900
1622166131538000,1,10.00000000,31.4700
1622166131538000,1,32.02857142,31.4600
1622166131538000,1,52.55970874,31.4300
1622166131856000,1,2.64608019,31.4900
1622166140032000,0,1.35448930,31.4800
1622166152069000,1,6.42863120,31.4500
1622166152069000,1,0.98902018,31.4500
1622166152069000,1,62.40000000,31.4400
1622166159899000,1,0.95293983,31.4400
1622166159899000,1,2.38226017,31.4400
1622166165711000,1,2.34258042,31.4000
1622166165711000,1,6.09070910,31.4000
1622166165711000,1,0.93703217,31.4000
1622166165711000,1,3.30393193,31.4000
1622166167357000,1,0.93703217,31.3900
1622166167357000,1,2.34258042,31.3900
1622166167357000,1,6.09388741,31.3900
1622166167359000,1,0.00011763,31.3900
1622166167568000,1,2.77740000,31.4000
1622166167588000,1,0.00000500,31.4000
1622166172527000,0,62.40000000,31.4200
1622166176305000,1,0.83877748,31.4100
1622166176305000,1,2.09687700,31.4100
1622166176305000,1,5.45194957,31.4100
1622166179848000,1,0.79696849,31.4000
1622166179848000,1,5.18013033,31.4000
1622166179848000,1,231.32940118,31.3900
1622166180152000,1,2.00471330,31.4000
1622166180152000,1,0.83877748,31.3900
1622166180152000,1,3.13360922,31.3900
1622166182341000,0,62.40000000,31.4200
1622166204857000,0,1.63940000,31.4600
1622166230375000,0,62.40000000,31.4800
1622166244598000,1,0.74845670,31.4700
1622166244598000,1,0.74811936,31.4700
1622166247164000,0,62.40000000,31.4800
1622166251324000,1,0.74132687,31.4700
1622166251324000,1,1.85311313,31.4700
1622166251351000,1,0.00001565,31.4700
1622166267178000,0,1.88597000,31.4600
1622166267183000,0,0.00000630,31.4600
1622166305939000,0,62.40000000,31.4400
1622166341244000,0,17.41374920,31.4000
1622166354060000,0,62.40000000,31.3500
1622166354060000,0,1.87597000,31.3500
1622166368391000,1,0.68295256,31.2700
1622166368391000,1,1.70702118,31.2700
1622166368391000,1,4.38180626,31.2700
1622166391569000,1,4.07012952,31.2600
1622166422564000,0,1.71645000,31.2000
1622166445128000,0,97.41755700,31.2700
1622166445128000,0,38.95072831,31.2700
1622166456785000,0,62.40000000,31.2600
1622166477043000,1,7.84853216,31.2500
1622166477043000,1,1.20746649,31.2500
1622166477043000,1,3.01865135,31.2500
1622166477078000,1,0.00001487,31.2500
1622166498903000,0,62.40000000,31.3000
1622166500441000,0,0.83813191,31.3000
1622166520394000,1,1.14317000,31.3700
1622166529095000,0,6.30570714,31.4200
1622166548778000,1,1.19887135,31.4800
1622166548778000,1,2.99734963,31.4800
1622166548778000,1,7.79308902,31.4800
1622166558813000,0,62.40000000,31.5200
1622166558813000,0,64.07522993,31.5300
1622166563434000,0,158.84812364,31.5000
1622166563737000,0,79.99990000,31.5000
1622166566568000,1,62.40000000,31.4800
1622166574089000,0,87.73380000,31.4800
1622166575943000,0,1.31489000,31.4800
1622166584189000,1,1.13187418,31.5300
1622166584189000,1,2.82952399,31.5300
1622166584189000,1,7.35731183,31.5300
1622166584285000,1,0.00001025,31.5300
1622166593071000,1,62.40000000,31.5500
1622166593351000,1,0.99715319,31.5500
1622166603897000,1,62.40000000,31.5200
1622166603897000,1,0.98056665,31.5200
1622166603897000,1,2.45042335,31.5200
1622166605003000,1,7.89596299,31.5000
1622166605093000,1,54.50403701,31.5000
1622166615162000,0,0.96372359,31.5200
1622166617801000,1,62.40000000,31.5000
1622166618450000,1,2.39922442,31.4900
1622166618450000,1,0.95968977,31.4900
1622166618450000,1,62.39998581,31.4900
1622166618527000,1,0.00001419,31.4900
1622166626911000,1,0.94271164,31.4900
1622166626911000,1,2.35674918,31.4900
1622166627341000,1,6.12754000,31.4800
1622166633663000,1,0.91699535,31.4800
1622166638194000,1,0.91699535,31.4600
1622166638194000,1,2.29319465,31.4600
1622166639602000,1,62.40000000,31.4300
1622166641147000,1,62.40000000,31.4100
1622166643603000,1,2.21985800,31.3900
1622166643603000,1,0.87395752,31.3800
1622166652717000,1,2.02250000,31.4000
1622166653095000,1,0.00006000,31.4000
1622166653095000,1,0.85166518,31.4000
1622166661174000,1,0.84761721,31.3900
1622166661174000,1,2.11898279,31.3900
1622166661247000,1,0.00006024,31.3900
1622166686651000,1,0.81770244,31.2800
1622166686651000,1,2.04419756,31.2800
1622166700312000,1,0.80411995,31.2400
1622166700312000,1,0.80432445,31.2400
1622166700312000,1,5.22785560,31.2400
1622166723100000,1,0.77023262,31.2400
1622166723100000,1,1.92536738,31.2400
1622166723177000,1,0.00011562,31.2400
1622166771113000,1,4.88530000,31.2700
1622166771542000,1,0.00006678,31.2700
1622166771542000,1,0.75190699,31.2700
1622166771542000,1,0.75172623,31.2700
1622166777726000,1,0.72002499,31.2700
1622166777726000,1,1.80006247,31.2700
1622166777726000,1,4.68111254,31.2700
1622166777902000,1,0.00012657,31.2700
1622166777902000,1,159.70537343,31.2600
1622166778324000,1,0.00019133,31.2600
1622166778324000,1,159.68813116,31.2500
1622166778324000,1,92.58337751,31.2500
1622166789168000,0,62.40000000,31.3000
1622166799289000,0,62.40000000,31.4300
1622166800164000,0,62.40000000,31.4500
1622166868459000,1,0.89497000,31.4600
1622166871699000,0,2.04670000,31.4700
1622166876890000,1,0.88423295,31.4500
1622166891005000,0,62.40000000,31.4500
1622166898250000,0,0.00007200,31.4700
1622166899999000,0,1.53500000,31.4900
1622166900680000,0,0.00007900,31.4900
1622166900680000,0,1.15130900,31.4900
1622166907245000,1,4.01303753,31.4600
1622166907245000,1,1.60521501,31.4600
1622166908975000,1,62.40000000,31.4400
1622166911843000,1,62.40000000,31.4300
1622166911843000,1,3.90703000,31.4300
1622166912278000,1,10.16118879,31.4200
1622166912278000,1,3.90703106,31.4200
1622166912278000,1,1.56280015,31.4200
1622166912351000,1,0.00001327,31.4200
1622166913335000,1,62.40000000,31.4100
1622166913503000,1,10.16118879,31.4000
1622166913503000,1,1.56281342,31.4000
1622166913503000,1,3.90701779,31.4000
1622166914949000,1,1.47497979,31.3800
1622166914949000,1,62.39999021,31.3800
1622166919680000,1,62.40000000,31.3500
1622166919680000,1,1.30531180,31.3500
1622166919680000,1,3.26337820,31.3500
1622166934361000,1,1.47816246,31.3100
1622166934361000,1,3.69523754,31.3100
1622166935793000,1,62.40000000,31.3000
1622166936200000,1,3.24531000,31.2900
1622166946641000,1,1.24705205,31.3200
1622166946641000,1,3.11804795,31.3200
1622166947792000,1,3.11814742,31.3100
1622166947792000,1,1.24704258,31.3100
1622166947794000,1,0.00000947,31.3100
1622166956506000,1,3.22530000,31.2900
1622166956915000,1,0.00000475,31.2900
1622166956915000,1,1.28966056,31.2900
1622166959544000,1,1.28966056,31.2800
1622166959544000,1,3.22529944,31.2800
1622166959595000,1,0.00000531,31.2800
1622166973136000,1,1.26600272,31.2900
1622166973136000,1,3.16500610,31.2900
1622166973136000,1,8.23299118,31.2900
1622166976338000,1,1.26600272,31.2800
1622166976338000,1,3.16500610,31.2800
1622166976338000,1,8.23299118,31.2800
1622166976551000,1,0.00007162,31.2800
1622166976551000,1,38.00000000,31.2700
1622166976974000,1,7.55080000,31.2700
1622166976990000,1,0.00007028,31.2700
1622166976990000,1,2.90402972,31.2700
1622166979406000,1,2.61542830,31.2700
1622166979406000,1,1.04617132,31.2700
1622166979406000,1,6.80000038,31.2700
1622166989071000,1,0.66919659,31.2900
1622166989071000,1,4.34910341,31.2900
1622166989119000,1,1.67290000,31.2800
1622166989413000,1,0.00009148,31.2800
1622166989413000,1,1.67323739,31.2800
1622166989413000,1,0.66907113,31.2800
1622166992985000,1,1.55932213,31.2900
1622166995419000,1,4.05540308,31.2800
1622166995419000,1,1.55929692,31.2800
1622167002967000,1,1.62820000,31.2900
1622167003955000,0,55.00000000,31.3200
1622167008593000,0,62.40000000,31.3300
1622167025693000,1,62.40000000,31.3800
1622167038024000,0,15.74153331,31.3600
1622167046250000,1,1.21567000,31.3400
1622167058051000,0,62.40000000,31.3200
1622167085196000,0,62.40000000,31.3000
1622167097978000,0,62.40000000,31.3100
1622167137884000,0,38.74540000,31.4300
1622167145877000,1,0.88322000,31.4100
1622167146042000,1,0.00000507,31.4100
1622167166547000,1,1.55330442,31.4700
1622167166547000,1,16.31939376,31.4600
1622167178515000,0,0.86348200,31.5400
1622167179035000,0,0.86348200,31.5800
1622167217885000,0,62.40000000,31.4500
1622167218270000,0,38.68140000,31.4800
1622167218825000,1,62.40000000,31.4700
1622167219840000,0,62.40000000,31.4800
1622167219918000,0,17.60000000,31.4800
1622167220188000,0,36.45840000,31.4800
1622167220625000,0,7.08320000,31.4800
1622167220971000,1,62.40000000,31.4600
1622167223596000,1,62.40000000,31.4400
1622167223596000,1,1.21312000,31.4400
1622167230256000,1,62.40000000,31.3900
1622167231285000,1,62.40000000,31.3800
1622167246009000,1,1.17260000,31.3200
1622167258470000,0,62.40000000,31.3300
1622167261676000,0,97.06542684,31.3600
1622167261676000,0,38.82731316,31.3600
1622167268763000,0,80.00000000,31.4200
1622167268863000,0,16.91274118,31.4200
1622167277874000,1,1.62900169,31.4300
1622167277874000,1,4.07125831,31.4300
1622167294710000,1,62.40000000,31.4900
1622167299046000,1,62.40000000,31.5000
1622167305035000,1,62.40000000,31.4800
1622167330202000,1,62.40000000,31.5100
1622167331397000,1,1.53033428,31.4900
1622167331397000,1,3.82636572,31.4900
1622167331487000,1,0.00007712,31.4900
1622167333112000,1,62.40000000,31.4700
1622167335528000,1,62.40000000,31.4500
1622167337516000,1,62.40000000,31.4300
1622167338101000,1,62.40000000,31.4200
1622167345626000,1,3.57990000,31.3900
1622167345660000,1,0.00004169,31.3900
1622167345660000,1,9.30815831,31.3800
1622167388981000,1,1.35673000,31.4900
1622167389086000,1,3.39189558,31.4800
1622167389130000,1,8.81892851,31.4700
1622167400916000,1,3.22177437,31.4500
1622167400916000,1,1.28862563,31.4500
1622167407441000,1,96.95870000,31.4800
1622167412250000,1,0.00008335,31.4800
1622167439729000,1,1.24629952,31.5500
1622167439729000,1,3.11761048,31.5500
1622167444333000,0,62.40000000,31.5800
1622167446945000,0,62.40000000,31.6100
1622167461541000,0,65.41420132,31.6500
1622167507084000,1,1.15196133,31.6300
1622167507084000,1,2.99433867,31.6300
1622167524845000,1,1.10046293,31.6300
1622167536050000,1,1.07479745,31.5900
1622167536050000,1,1.08779664,31.5700
1622167536050000,1,15.71010410,31.5600
1622167559634000,0,38.48249902,31.6300
1622167608951000,1,1.50720000,31.6500
1622167614707000,1,1.50720000,31.6300
1622167624242000,1,3.82232297,31.6200
1622167624242000,1,1.47027703,31.6200
1622167632674000,1,1.40500000,31.6000
1622167674915000,0,47.00224259,31.6200
1622167675839000,1,1.34310000,31.5900
1622167759744000,1,1.26275446,31.6500
1622167775513000,1,1.74581262,31.7200
1622167775630000,1,1.24570000,31.7100
1622167782313000,0,62.40000000,31.7600
1622167801366000,1,1.67750000,31.7600
1622167802651000,1,1.67754232,31.7400
1622167802651000,1,4.19465768,31.7400
1622167831807000,0,107.66544000,31.7500
1622167847798000,0,55.00000000,31.7700
1622167863029000,1,1.73359594,31.7900
1622167873914000,1,1.72588359,31.7700
1622167873914000,1,4.31470897,31.7700
1622167873914000,1,11.21725604,31.7700
1622167873914000,1,37.74215140,31.7700
1622167883375000,1,1.63929357,31.7700
1622167883375000,1,4.09849180,31.7700
1622167892228000,1,62.40000000,31.7700
1622167892580000,1,1.61132237,31.7600
1622167892580000,1,4.02830594,31.7600
1622167892580000,1,10.47326579,31.7600
1622167896198000,1,62.40000000,31.7400
1622167901121000,1,1.53307632,31.7100
1622167901121000,1,3.83268368,31.7100
1622167901406000,1,0.00000712,31.7100
1622167907562000,1,62.40000000,31.7000
1622167907706000,0,70.00000000,31.7000
1622167907842000,0,243.75002000,31.7000
1622167907857000,0,62.40000000,31.7000
1622167907949000,0,115.00000000,31.7000
1622167908038000,0,85.00000000,31.7000
1622167908131000,0,85.00000000,31.7000
1622167908202000,0,90.00000000,31.7000
1622167908350000,0,80.00000000,31.7000
1622167908425000,0,90.00000000,31.7000
1622167908499000,0,600.00000000,31.7000
1622167908577000,0,120.00000000,31.7000
1622167908667000,0,370.00000000,31.7000
1622167908902000,0,135.00000000,31.7000
1622167908979000,0,70.00000000,31.7000
1622167909052000,0,115.00000000,31.7000
1622167909152000,0,75.00000000,31.7000
1622167909546000,0,50.00000000,31.7000
1622167909647000,0,140.00000000,31.7000
1622167909755000,0,70.00000000,31.7000
1622167909854000,0,140.00000000,31.7000
1622167910011000,0,95.00000000,31.7000
1622167910038000,0,126.35609932,31.7000
1622167910082000,0,55.58405617,31.7000
1622167910104000,0,45.00000000,31.7000
1622167910205000,0,50.00000000,31.7000
1622167910286000,0,270.00000000,31.7000
1622167910376000,0,40.00000000,31.7000
1622167911272000,0,50.00000000,31.7000
1622167911294000,0,48.24047104,31.7000
1622167911310000,0,19.71716878,31.7000
1622167911311000,0,381.51384603,31.7000
1622167912251000,0,54.57437242,31.7300
1622167912537000,1,1.50574000,31.7200
1622167912615000,1,0.00000140,31.7200
1622167912615000,1,62.40000000,31.7100
1622167912939000,0,1.50574140,31.7000
1622167913657000,1,40.00000000,31.7100
1622167913941000,1,3.76451959,31.7000
1622167913941000,1,1.50580783,31.7000
1622167913941000,1,86.91819258,31.7000
1622167915992000,1,3.66201000,31.7100
1622167916178000,1,3.66245842,31.7100
1622167916178000,1,1.46498337,31.7100
1622167916464000,1,9.52239000,31.7100
1622167919874000,1,3.66245842,31.7000
1622167919874000,1,1.46497158,31.7000
1622167930621000,1,3.95564000,31.7600
1622167931917000,1,1.58225000,31.7600
1622167932009000,1,0.00000752,31.7600
1622167932009000,1,1.58217785,31.7500
1622167932009000,1,3.90688463,31.7500
1622167935825000,1,3.83949737,31.7300
1622167935825000,1,1.53578263,31.7300
1622167946315000,1,1.50145509,31.7200
1622167946315000,1,3.75425258,31.7200
1622167946315000,1,9.76080233,31.7200
1622167951257000,1,1.39972039,31.7300
1622167951257000,1,3.49930099,31.7300
1622167951326000,1,1.39976447,31.7200
1622167956838000,1,1.36815917,31.7400
1622167956838000,1,3.42051083,31.7400
1622167962806000,1,1.53630000,31.7400
1622167963737000,1,1.53630569,31.7300
1622167963737000,1,1.53629431,31.7300
1622167969703000,1,1.51361000,31.7400
1622167969907000,1,0.00000678,31.7400
1622167969907000,1,2.27042322,31.7400
1622167970147000,1,1.51361678,31.7300
1622167970147000,1,3.78403322,31.7300
1622167971142000,1,0.00000872,31.7300
1622167971142000,1,9.84029128,31.7300
1622167975253000,1,0.00001551,31.7300
1622167975253000,1,3.54680499,31.7300
1622167975253000,1,1.41895950,31.7300
1622167975388000,1,0.00001274,31.7300
1622167977575000,1,1.41897224,31.7100
1622167977575000,1,3.54680499,31.7100
1622167977575000,1,9.22639995,31.7100
1622167982849000,1,1.30002403,31.7300
1622167982849000,1,8.45025597,31.7300
1622167983178000,1,3.25010101,31.7300
1622167983178000,1,3.30787152,31.7200
1622167987376000,1,1.21210164,31.7300
1622167987393000,0,3.03055955,31.7300
1622167987574000,1,8.45324000,31.7200
1622167999785000,1,6.74921027,31.7300
1622167999785000,1,1.03804581,31.7300
1622167999785000,1,2.59634392,31.7300
1622168005251000,1,0.98166709,31.7100
1622168005251000,1,0.98162997,31.7100
1622168005251000,1,0.98162997,31.7100
1622168005251000,1,137.05507297,31.7100
1622168009391000,1,0.96753071,31.7000
1622168009645000,1,2.41890000,31.7000
1622168009706000,1,0.00007930,31.7000
1622168009706000,1,71.46141052,31.7000
1622168009850000,0,31.39072847,31.7100
1622168010844000,0,95.00000000,31.7000
1622168011897000,0,62.40000000,31.7100
1622168015579000,1,0.95054535,31.7100
1622168015579000,1,157.61365933,31.7100
1622168016172000,1,2.37630000,31.7100
1622168016644000,1,0.00006345,31.7100
1622168016644000,1,157.67973655,31.7000
1622168017045000,1,0.00016188,31.7000
1622168017045000,1,0.94613963,31.7000
1622168017045000,1,2.36534906,31.7000
1622168017045000,1,6.17870080,31.6900
1622168017045000,1,154.36954863,31.6900
1622168017619000,1,3.31174000,31.6900
1622168017838000,1,0.00000275,31.6900
1622168033979000,1,0.73287181,31.7400
1622168033979000,1,1.83243343,31.7400
1622168037518000,1,62.40000000,31.7400
1622168049897000,1,0.71949000,31.7700
1622168049964000,1,62.40000000,31.7600
1622168049964000,1,1.79924743,31.7600
1622168050037000,0,0.71949969,31.7600
1622168050263000,1,4.67689000,31.7500
1622168051540000,1,1.76866793,31.7500
1622168051540000,1,0.70733207,31.7500
1622168054468000,1,80.00000000,31.7400
1622168054492000,1,77.43660695,31.7400
1622168054492000,1,0.64476118,31.7400
1622168054608000,1,77.43660000,31.7600
1622168054661000,1,13.08136000,31.7600
1622168054665000,1,458.75131163,31.7600
1622168054723000,1,274.91356326,31.7600
1622168054737000,1,175.81716511,31.7600
1622168074545000,1,1.66119446,31.7500
1622168074545000,1,0.66447778,31.7500
1622168085820000,1,0.64077757,31.7800
1622168085820000,1,1.60205476,31.7800
1622168085820000,1,62.39998767,31.7800
1622168090510000,1,0.64136644,31.7800
1622168090510000,1,1.60333356,31.7800
1622168090539000,1,0.00008255,31.7800
1622168090627000,1,4.16534000,31.7700
1622168090716000,1,0.00000238,31.7700
1622168102489000,1,1.52299397,31.7800
1622168105582000,1,3.95936093,31.7700
1622168105582000,1,1.52346355,31.7700
1622168110420000,1,1.43557000,31.7800
1622168114187000,1,1.43557000,31.7700
1622168114202000,1,0.00000280,31.7700
1622168123385000,1,1.38310000,31.7500
1622168123487000,1,0.00008819,31.7500
1622168124287000,1,3.59626664,31.7300
1622168124287000,1,1.38318819,31.7300
1622168135714000,1,1.32220000,31.7200
1622168135879000,1,3.43964321,31.7100
1622168145734000,1,3.23859656,31.7400
1622168145734000,1,1.24571344,31.7400
1622168145818000,1,0.00001044,31.7400
1622168146243000,1,1.24572388,31.7300
1622168146243000,1,3.23858612,31.7300
1622168146354000,1,0.00001044,31.7300
1622168154845000,1,1.07750000,31.7300
1622168158662000,1,2.76798086,31.7200
1622168158662000,1,1.06494914,31.7200
1622168158735000,1,0.00000105,31.7200
1622168159001000,1,2.73486000,31.7100
1622168176610000,1,62.40000000,31.7400
1622168179569000,1,0.95845449,31.7400
1622168179569000,1,1.70704551,31.7300
1622168179640000,1,0.95848237,31.7300
1622168195223000,1,2.37546091,31.7100
1622168195223000,1,0.91362909,31.7100
1622168195239000,1,0.00000972,31.7100
1622168214321000,1,2.26760000,31.7300
1622168217732000,1,0.87215777,31.7000
1622168217732000,1,0.84459723,31.7000
1622168217732000,1,165.79915415,31.6900
1622168221263000,1,0.84459723,31.6800
1622168221361000,1,2.14157469,31.6800
1622168227135000,1,0.78639648,31.6800
1622168227135000,1,2.04450352,31.6800
1622168247318000,1,0.75088410,31.6600
1622168247318000,1,1.95281590,31.6600
1622168256912000,1,0.70875877,31.6300
1622168256912000,1,0.70864123,31.6300
1622168258635000,1,0.70875877,31.6200
1622168258635000,1,0.70864123,31.6200
1622168258703000,1,0.00011754,31.6200
1622168258703000,1,128.70048246,31.6100
1622168258952000,1,62.40000000,31.6200
1622168264188000,1,0.87874000,31.6000
1622168264351000,1,0.00000600,31.6000
1622168302026000,0,0.86729800,31.7400
1622168302026000,0,11.02881177,31.7400
1622168315433000,1,0.99288000,31.6500
1622168315616000,1,0.00000907,31.6500
1622168315616000,1,2.58088093,31.6400
1622168322028000,1,0.94855000,31.6400
1622168328216000,1,62.40000000,31.6400
1622168361483000,1,62.40000000,31.7100
1622168362323000,1,0.93456813,31.7000
1622168362323000,1,2.42973187,31.7000
1622168375330000,1,62.40000000,31.7700
1622168379657000,1,62.40000000,31.7500
1622168379657000,1,0.64849000,31.7500
1622168406293000,0,62.40000000,31.7500
1622168413813000,1,1.18700000,31.7000
1622168414005000,1,0.00003901,31.7000
1622168435989000,1,1.14900000,31.6600
1622168436049000,1,62.40000000,31.6600
1622168459426000,1,1.11384123,31.6300
1622168479803000,1,62.40000000,31.7700
1622168499546000,1,1.88842827,31.7100
1622168499546000,1,0.72627173,31.7100
1622168509471000,1,0.69382075,31.7000
1622168529564000,1,0.68539057,31.6900
1622168548515000,1,0.67736992,31.6800
1622168548888000,1,62.40000000,31.6700
1622168591636000,0,38.41756000,31.7000
1622168605911000,1,1.13863608,31.7400
1622168605911000,1,2.96036392,31.7400
1622168605923000,1,0.00008988,31.7400
1622168606494000,1,177.67601211,31.7200
1622168606809000,1,2.96045380,31.7200
1622168606809000,1,1.13863608,31.7200
1622168606809000,1,112.34131012,31.7100
1622168607040000,1,0.64757929,31.7200
1622168608993000,1,2.96045380,31.7100
1622168608993000,1,0.49114620,31.7100
1622168620838000,0,10.69071355,31.7200
1622168623424000,0,10.69060000,31.7400
1622168624726000,1,62.40000000,31.7300
1622168650567000,1,1.31190000,31.7400
1622168650725000,1,0.00002162,31.7400
1622168650725000,1,3.41197838,31.7300
1622168657101000,1,1.25360000,31.7400
1622168671467000,1,62.40000000,31.7500
1622168671874000,1,107.99356000,31.7500
1622168724044000,1,1.25939000,31.7500
1622168734712000,1,1.24412673,31.7200
1622168765991000,1,1.19979000,31.6900
1622168784219000,0,5.97740000,31.7200
1622168796699000,1,1.49985000,31.7700
1622168810979000,1,0.97837362,31.7500
1622168810979000,1,2.54376638,31.7500
1622168818433000,1,0.93494558,31.7100
1622168818433000,1,2.43241442,31.7100
1622168832555000,1,0.88024559,31.7500
1622168832894000,1,2.32049000,31.7400
1622168869670000,1,2.21498000,31.7700
1622169046780000,1,1.31622961,31.7200
1622169234635000,0,15.68587139,31.6400
1622169247300000,1,0.75360057,31.6300
1622169247300000,1,62.40000000,31.6200
1622169247300000,1,10.00000000,31.6200
1622169247300000,1,158.06574836,31.6100
1622169247300000,1,176.85700000,31.6100
1622169247300000,1,832.89365107,31.6100
1622169249009000,1,46.71420000,31.6200
1622169293264000,0,9.33202658,31.7000
1622169297750000,0,9.33202658,31.7000
1622169328355000,0,62.40000000,31.6500
1622169375653000,1,32.00253000,31.6100
1622169406271000,0,71.73200000,31.6100
1622169462016000,1,0.96091079,31.7100
1622169462016000,1,2.49835921,31.7100
1622169462224000,1,0.00000885,31.7100
1622169513637000,0,62.40000000,31.7100
1622169541080000,1,0.90660341,31.6900
1622169541080000,1,0.90674639,31.6800
1622169541080000,1,3.29399082,31.6700
1622169561825000,0,62.40000000,31.6700
1622169606378000,1,62.40000000,31.8000
1622169609830000,1,1.59380000,31.7800
1622169639311000,1,1.70827000,31.9100
1622169639550000,1,0.65702829,31.9000
1622169639550000,1,0.65702829,31.9000
1622169650001000,1,1.60940000,31.9100
1622169651358000,1,1.60940000,31.9000
1622169675925000,1,62.40000000,31.9300
1622169684373000,1,1.19030000,31.9300
1622169703979000,1,1.15150000,31.9300
1622169730608000,0,164.24660694,31.9700
1622169730608000,0,62.40000000,31.9700
1622169730608000,0,38.08648661,31.9700
1622169730608000,0,82.79129636,31.9800
1622169743609000,1,62.40000000,31.9400
1622169770537000,1,62.40000000,32.0000
1622169791739000,0,1.56580000,32.0400
1622169793008000,1,0.90241000,32.0300
1622169808233000,1,0.89132000,32.0000
1622169809298000,1,0.00000466,32.0000
1622169813111000,1,62.40000000,31.9900
1622169813785000,1,62.40000000,31.9900
1622169823400000,0,34.95345204,32.0100
1622169824592000,1,62.40000000,31.9900
1622169852816000,1,0.84081500,31.9900
1622169852816000,1,7.89754801,31.9900
1622169897505000,1,62.40000000,32.0300
1622169897505000,1,1.28580000,32.0300
1622169905446000,1,1.27086236,31.9900
1622169940956000,1,1.55792834,31.9300
1622169940956000,1,4.05339166,31.9300
1622169958711000,1,62.40000000,31.9200
1622169962153000,0,5.00000000,31.9300
1622169972231000,1,1.49125000,31.8800
1622170008987000,1,1.39628353,31.8500
1622170008987000,1,62.40000000,31.8400
1622170008987000,1,3.63033717,31.8400
1622170009078000,0,79.60549000,31.8400
1622170009211000,0,0.00000112,31.8400
1622170075022000,1,1.31553178,31.8700
1622170075022000,1,3.42038263,31.8600
1622170081631000,1,1.25550000,31.8900
1622170083840000,0,62.40000000,31.8900
1622170087882000,1,1.24050000,31.8800
1622170091165000,1,3.22545123,31.8700
1622170091165000,1,1.24044877,31.8700
1622170110142000,1,1.16720000,31.9200
1622170110153000,1,0.00005910,31.9200
1622170110153000,1,3.03484090,31.9100
1622170110485000,1,0.00010876,31.9100
1622170110485000,1,1.16809124,31.9100
1622170113577000,1,3.03494966,31.8900
1622170113577000,1,1.16805034,31.8900
1622170113756000,1,0.00005711,31.8900
1622170113756000,1,170.29485000,31.8800
1622170114165000,1,2.86480000,31.8800
1622170114170000,1,0.00001190,31.8800
1622170114170000,1,1.10178810,31.8800
1622170131297000,1,0.99921427,31.9000
1622170145021000,1,156.74294165,31.8700
1622170145021000,1,145.35505835,31.8700
1622170237277000,1,0.72604200,31.9200
1622170237277000,1,1.88769800,31.9200
1622170289363000,1,1.35213000,31.8300
1622170292407000,1,0.00000100,31.8300
1622170346977000,0,8.77431539,31.7700
1622170391930000,0,8.77420000,31.7700
1622170406960000,0,95.69458000,31.8200
1622170407542000,0,0.00000097,31.8200
1622170407542000,0,68.89850263,31.8300
1622170407643000,0,46.75714120,31.8300
1622170407785000,0,76.09694752,31.8300
1622170407830000,0,57.00896449,31.8300
1622170413551000,0,62.40000000,31.8600
1622170414940000,0,12.04656784,31.8900
1622170424290000,1,4.18524000,31.9100
1622170425741000,0,38.36000000,31.9400
1622170425748000,1,62.40000000,31.9000
1622170425748000,1,1.67409880,31.9000
1622170425748000,1,4.18502120,31.9000
1622170431048000,1,62.40000000,31.9000
1622170437051000,1,0.99200000,31.9000
1622170438952000,1,61.40800000,31.9000
1622170438952000,1,226.69819000,31.9000
1622170439056000,1,125.00000000,31.9000
1622170439091000,1,8.28754557,31.9000
1622170439155000,1,12.98550000,31.9000
1622170439168000,1,53.59606490,31.9000
1622170458885000,1,1.56751143,31.9100
1622170458885000,1,3.91784582,31.9100
1622170459332000,1,10.18639000,31.9000
1622170459488000,1,1.56751143,31.9000
1622170459488000,1,3.91784582,31.9000
1622170460880000,1,62.40000000,31.8800
1622170478550000,1,1.46168689,31.9100
1622170478550000,1,3.65421723,31.9100
1622170478550000,1,9.50094588,31.9100
1622170483809000,1,1.38924529,31.9000
1622170483809000,1,3.47327471,31.9000
1622170486533000,1,1.38924529,31.8800
1622170486533000,1,3.47315471,31.8800
1622170514137000,0,0.74050600,31.9200
1622170530772000,1,62.40000000,32.0000
1622170530772000,1,1.32283299,32.0000
1622170530772000,1,3.30719701,32.0000
1622170531111000,1,3.30730000,31.9900
1622170552478000,1,1.28187503,32.0300
1622170552478000,1,3.20466757,32.0300
1622170554982000,1,62.40000000,32.0000
1622170554982000,1,1.27685432,32.0000
1622170554982000,1,3.19212568,32.0000
1622170555004000,1,0.00001013,32.0000
1622170569791000,1,9.92216429,32.0100
1622170581979000,1,26.24205332,31.9900
1622170649505000,1,8.74735110,32.0500
1622170696254000,0,13.87977632,32.1900
1622170729178000,1,2.04282543,32.1500
1622170729178000,1,2.04227457,32.1500
1622170731666000,1,62.40000000,32.1400
1622170732254000,1,62.40000000,32.1400
1622170735354000,1,2.02447078,32.1100
1622170735354000,1,5.06117696,32.1100
1622170735354000,1,62.39999226,32.1100
1622170736316000,1,62.40000000,32.0900
1622170744513000,1,62.40000000,32.1100
1622170748645000,1,62.40000000,32.1000
1622170803492000,1,1.85103729,32.1300
1622170803492000,1,4.62936271,32.1300
1622170803611000,1,0.00001598,32.1300
1622170825491000,1,1.82348172,32.0300
1622170825491000,1,1.82482476,32.0300
1622170825491000,1,1.82441481,32.0300
1622170832724000,1,4.49540152,32.0100
1622170832724000,1,1.79815848,32.0100
1622170833119000,1,0.00000213,32.0100
1622170833214000,1,1.79759937,32.0000
1622170833218000,1,0.00000001,32.0000
1622170850910000,1,1.81413700,31.9600
1622170876448000,0,38.11055458,31.9600
1622170876448000,0,95.26466842,31.9600
1622170910575000,0,62.40000000,32.0100
1622170910575000,0,39.63213194,32.0100
1622170916500000,1,1.95208766,31.9400
1622170916500000,1,9.38031234,31.9400
1622170916558000,1,0.00009220,31.9400
1622170916558000,1,1.38100780,31.9400
1622170926058000,0,62.40000000,31.9600
1622170926251000,0,38.11086117,31.9600
1622170926322000,0,4.95012000,31.9600
1622170960087000,1,1.82081381,31.9200
1622170960087000,1,11.83803042,31.9200
1622170960087000,1,1.82215577,31.9200
1622170960195000,1,0.00011752,31.9200
1622170962040000,1,1.82081381,31.9000
1622170962040000,1,1.82227329,31.9000
1622170962040000,1,11.84961290,31.9000
1622170965230000,1,10.66750000,31.9000
1622171008062000,0,36.97819438,32.0000
1622171009102000,1,156.35060265,31.9500
1622171009319000,1,111.93150000,31.9500
1622171011861000,0,62.40000000,31.9700
1622171015511000,1,51.86530000,31.9400
1622171015542000,1,104.49779424,31.9400
1622171015822000,1,51.86530000,31.9300
1622171024057000,0,62.40000000,31.9300
1622171052020000,0,62.40000000,32.0000
1622171054063000,0,120.75328829,32.0500
1622171058752000,0,0.89916588,32.0500
1622171065188000,1,0.89513905,32.0300
1622171065188000,1,2.23778095,32.0300
1622171068243000,1,0.89545296,32.0200
1622171068243000,1,2.23778704,32.0200
1622171084130000,0,1.00891000,32.0300
1622171084442000,0,0.00000400,32.0300
1622171101354000,1,62.40000000,32.0600
1622171106055000,1,2.15599060,32.0100
1622171106055000,1,0.00040940,32.0100
1622171106079000,1,0.86198684,32.0100
1622171109815000,1,2.12360000,32.0000
1622171122590000,1,0.83802520,32.0200
1622171122590000,1,2.09497480,32.0200
1622171128685000,1,2.02260379,32.0100
1622171128685000,1,2.02286903,32.0100
1622171128685000,1,0.80892718,32.0100
1622171167887000,1,1.67156618,32.0800
1622171168076000,1,0.66862647,32.0700
1622171168076000,1,1.67156618,32.0700
1622171168076000,1,4.34607208,32.0600
1622171169995000,1,0.66862647,32.0500
1622171169995000,1,1.67156618,32.0500
1622171169995000,1,4.34590735,32.0500
1622171171472000,1,1.40170000,32.0500
1622171171684000,1,0.00001203,32.0500
1622171171684000,1,3.64438797,32.0500
1622171173116000,1,0.00006331,32.0500
1622171173116000,1,30.15373669,32.0400
1622171179822000,1,3.48047673,32.0200
1622171179822000,1,1.33932327,32.0200
1622171224859000,0,0.75668500,32.0900
1622171242089000,1,0.86257000,32.0900
1622171249643000,1,0.85157374,32.0900
1622171266878000,0,23.43622120,32.1100
1622171274497000,0,62.40000000,32.1000
1622171280598000,0,62.39990000,32.1800
1622171291552000,1,62.40000000,32.1700
1622171291552000,1,0.81398000,32.1700
1622171295334000,1,0.80429048,32.1600
1622171295334000,1,1.28680952,32.1500
1622171295376000,1,0.80434572,32.1500
1622171301232000,1,62.40000000,32.1100
1622171302085000,1,62.40000000,32.1100
1622171302396000,1,62.40000000,32.1100
1622171302663000,1,0.76925472,32.1000
1622171302663000,1,62.40000000,32.1000
1622171303162000,1,62.40000000,32.1000
1622171303480000,1,62.40000000,32.1000
1622171305575000,1,0.75008058,32.1100
1622171306065000,1,62.40000000,32.1000
1622171307084000,1,62.40000000,32.0900
1622171307841000,1,0.74102174,32.0800
1622171307841000,1,62.40000000,32.0800
1622171326249000,1,0.74170328,32.0700
1622171344647000,1,0.73308086,32.0400
1622171347559000,1,0.73308086,32.0200
1622171426389000,1,0.75009518,32.0300
1622171426389000,1,1.95024747,32.0300
1622171426389000,1,194.03115735,32.0200
1622171457275000,1,1.17380000,31.9900
1622171493596000,0,21.62575282,32.0200
1622171502733000,1,1.13420000,32.0400
1622171507290000,1,1.09730000,32.0400
1622171507304000,1,0.00002031,32.0400
1622171533116000,1,62.40000000,32.1000
1622171542246000,1,1.05950000,32.0700
1622171560950000,1,62.40000000,32.0900
1622171583483000,1,1.02720000,32.0300
1622171586035000,1,1.02724641,32.0200
1622171599103000,0,34.49484536,32.0100
1622171642959000,0,38.16420000,31.9100
1622171646205000,0,38.13095000,31.9300
1622171646508000,0,0.00000830,31.9300
1622171673981000,1,55.00000000,32.0000
1622171680073000,1,1.31041296,31.9600
1622171680073000,1,3.40672130,31.9600
1622171688364000,0,38.05373000,31.9900
1622171715188000,1,5.29792614,31.9700
1622171715188000,1,0.81487704,31.9700
1622171715188000,1,2.03699682,31.9700
1622171730286000,1,62.40000000,31.9100
1622171730286000,1,0.77557555,31.9100
1622171730286000,1,1.93961912,31.9100
1622171758202000,1,62.40000000,31.8000
1622171758767000,1,1.57077697,31.7900
1622171758767000,1,0.76487182,31.7600
1622171758767000,1,64.00000000,31.7500
1622171758767000,1,95.06376719,31.7400
1622171772697000,1,19.60000000,31.7700
1622171773923000,1,19.19999999,31.7600
1622171774610000,1,0.00000001,31.7600
1622171791371000,1,20.40000000,31.7500
1622171793392000,0,62.40000000,31.7700
1622171810335000,1,19.20000000,31.7400
1622171816170000,1,2.95165539,31.7200
1622171816170000,1,1.18054461,31.7200
1622171816806000,1,62.40000000,31.7300
1622171823653000,0,62.40000000,31.7600
1622171830632000,1,3.37292518,31.7800
1622171830632000,1,1.34947482,31.7800
1622171833158000,1,3.37500537,31.7700
1622171833158000,1,1.34999463,31.7700
1622171833219000,1,0.00000752,31.7700
1622171833219000,1,157.25382958,31.7600
1622171833219000,1,8.77196290,31.7600
1622171835750000,0,62.40000000,31.7800
1622171837570000,0,62.40000000,31.8000
1622171840848000,0,19.80000000,31.8300
1622171844271000,1,1.24288494,31.8300
1622171844271000,1,3.12331506,31.8300
1622171848516000,1,1.22865114,31.8000
1622171848516000,1,1.24288494,31.7900
1622171848516000,1,32.02330928,31.7900
1622171848862000,1,33.26610000,31.8000
1622171849203000,1,3.07116462,31.8000
1622171849843000,0,62.40000000,31.8200
1622171851934000,1,7.80091338,31.8200
1622171851934000,1,44.47958662,31.8100
1622171867048000,1,1.18913000,31.8100
1622171881432000,1,1.18445764,31.7700
1622171881432000,1,2.96113236,31.7700
1622171889369000,0,62.40000000,31.8200
1622171890000000,0,62.40000000,31.8300
1622171890667000,0,62.40000000,31.8500
1622171891919000,0,62.40000000,31.8700
1622171899524000,0,62.40000000,31.8700
1622171902792000,0,1.57077000,31.9400
1622171909048000,0,0.00000697,31.9400
1622171909048000,0,34.20518540,31.9700
1622171913900000,1,62.40000000,31.9100
1622171945307000,0,62.40000000,31.8900
1622171952881000,0,311.99990000,31.9800
1622171957587000,1,62.40000000,31.9600
1622171960018000,1,0.97693632,31.9400
1622171960018000,1,2.44096581,31.9400
1622171964796000,1,62.40000000,31.9200
1622171971807000,1,62.40000000,31.9000
1622171972345000,1,62.40000000,31.8900
1622171979413000,1,62.40000000,31.9500
1622171980066000,1,62.40000000,31.9400
1622171980488000,1,62.40000000,31.9300
1622171994534000,1,62.40000000,32.0000
1622172001604000,1,62.40000000,32.0200
1622172002784000,1,62.40000000,32.0000
1622172050846000,1,3.09358070,31.8400
1622172050846000,1,1.23731930,31.8400
1622172070815000,1,17.10259618,31.8700
1622172105218000,1,156.67157413,31.8900
1622172105218000,1,1.20154479,31.8900
1622172105218000,1,3.00406905,31.8900
1622172105218000,1,7.81248899,31.8900
1622172105428000,0,31.08811539,31.8900
1622172120892000,0,62.40000000,31.9300
1622172122322000,0,159.13506351,31.9500
1622172122322000,0,247.81735342,31.9500
1622172123415000,0,781.88347438,31.9600
1622172124026000,0,781.81013243,31.9600
1622172124535000,0,781.59836267,31.9600
1622172125051000,0,615.90803052,31.9600
1622172125051000,0,165.68828049,31.9600
1622172125809000,0,781.82548546,31.9600
1622172126248000,1,62.40000000,31.9400
1622172126303000,0,32.92330330,31.9400
1622172126303000,0,326.21623405,31.9600
1622172172376000,1,1.41938926,31.9400
1622172172860000,1,9.39577911,31.9300
1622172178991000,1,10.60422089,31.9300
1622172193007000,0,22.71224578,31.9000
1622172193007000,0,56.77922422,31.9000
1622172208181000,1,3.52662575,31.9200
1622172208288000,0,1.41065030,31.9200
1622172215431000,1,414.95450000,31.9000
1622172228045000,1,58.88086164,31.8700
1622172261447000,1,3.25859390,31.8400
1622172261447000,1,1.30290583,31.8400
1622172261447000,1,8.47234413,31.8300
1622172261447000,1,4.06875233,31.8300
1622172276646000,0,62.40000000,31.7900
1622172285121000,1,3.04512508,31.7500
1622172285121000,1,1.21276423,31.7500
1622172285201000,1,0.00000001,31.7500
1622172297505000,1,1.15307981,31.6800
1622172297505000,1,2.88335360,31.6800
1622172297531000,1,0.00000001,31.6800
1622172300091000,0,121.28080000,31.7100
1622172330946000,1,62.40000000,31.7100
1622172334397000,1,1.11374057,31.7000
1622172337494000,1,24.99507339,31.6900
1622172337519000,1,37.40492661,31.6900
1622172337891000,1,46.24515716,31.6800
1622172338062000,1,176.85700000,31.6800
1622172338676000,1,2.77233870,31.6700
1622172349360000,0,16.05601000,31.6500
1622172350635000,1,1.10399018,31.6400
1622172350635000,1,2.72501982,31.6400
1622172350855000,1,0.00000346,31.6400
1622172351061000,1,20.20000000,31.6300
1622172351061000,1,62.40000000,31.6300
1622172369987000,0,20.59655538,31.6600
1622172369987000,0,51.48818414,31.6600
1622172386638000,1,2.90136659,31.6700
1622172386843000,1,2.90120000,31.6600
1622172387249000,1,0.00002005,31.6600
1622172387249000,1,2.90136659,31.6600
1622172407055000,1,5.02268008,31.6300
1622172418763000,1,157.98160000,31.5800
1622172428716000,0,34.36981967,31.6100
1622172471452000,0,62.40000000,31.6000
1622172481413000,1,3.42874271,31.6000
1622172481413000,1,8.57212793,31.6000
1622172481413000,1,22.28582936,31.6000
1622172501221000,1,0.00001586,31.5800
1622172501221000,1,3.20829693,31.5800
1622172501221000,1,8.02041721,31.5800
1622172501267000,1,0.00002043,31.5800
1622172505625000,0,62.40000000,31.6100
1622172507634000,0,62.40000000,31.6300
1622172508308000,0,62.40000000,31.6400
1622172522900000,0,62.40000000,31.7000
1622172523137000,1,3.13927878,31.6800
1622172523137000,1,7.85592447,31.6800
1622172523137000,1,20.41548170,31.6700
1622172523137000,1,2.95913472,31.6700
1622172525482000,1,2.97088557,31.6600
1622172525482000,1,19.31075622,31.6600
1622172525482000,1,7.42719821,31.6600
1622172526033000,0,62.40000000,31.6700
1622172531485000,1,2.82337949,31.6500
1622172531485000,1,7.05910051,31.6500
1622172540206000,1,2.66244120,31.6300
1622172540206000,1,17.30739909,31.6300
1622172540206000,1,6.65667971,31.6300
1622172547326000,1,5.99489615,31.6100
1622172547326000,1,2.39794385,31.6100
1622172547418000,1,0.00001461,31.6100
1622172547418000,1,14.66295539,31.6100
1622172547424000,1,0.00001863,31.6100
1622172548758000,1,2.25584216,31.5900
1622172548758000,1,5.63959784,31.5900
1622172548793000,1,0.00000755,31.5900
1622172565461000,0,62.40000000,31.6000
1622172606697000,1,34.36435000,31.5900
1622172607237000,1,0.00000580,31.5900
1622172633936000,1,1.83809173,31.5600
1622172648536000,1,34.36435580,31.5400
1622172659242000,1,1.70787710,31.5400
1622172659242000,1,11.10288989,31.5400
1622172659242000,1,4.26967301,31.5400
1622172660280000,1,11.10218620,31.5100
1622172660280000,1,4.26969276,31.5100
1622172660280000,1,1.70787709,31.5100
1622172660280000,1,0.00000001,31.5100
1622172660834000,1,1.58523000,31.5000
1622172685923000,0,62.40000000,31.5700
1622172690170000,1,1.51949424,31.5800
1622172690594000,1,0.00000001,31.5800
1622172690594000,1,62.40000000,31.5700
1622172690594000,1,3.79873563,31.5700
1622172690594000,1,9.87671261,31.5700
1622172707285000,1,62.40000000,31.5900
1622172708905000,0,31.61290000,31.6200
1622172709410000,0,0.00000321,31.6200
1622172709760000,0,1.58520000,31.6400
1622172710694000,0,0.00003000,31.6400
1622172717725000,0,96.06788364,31.7000
1622172717725000,0,38.42826636,31.7000
1622172717829000,0,0.00000576,31.7000
1622172722531000,0,34.03054156,31.7600
1622172735663000,1,3.97329027,31.7300
1622172735663000,1,9.93321973,31.7300
1622172735815000,1,0.00000594,31.7300
1622172735815000,1,11.92648406,31.7300
1622172737038000,1,9.93322567,31.7000
1622172737038000,1,3.97328433,31.7000
1622172746155000,0,38.41872777,31.7000
1622172746155000,0,96.04458190,31.7000
1622172746155000,0,79.99989033,31.7000
1622172746251000,0,157.91560920,31.7100
1622172746251000,0,8.78499080,31.7100
1622172751550000,1,4.24700637,31.6800
1622172751550000,1,10.61884363,31.6800
1622172788320000,1,11.67160442,31.6800
1622172788320000,1,4.66869558,31.6800
1622172809508000,1,4.51243800,31.6400
1622172809508000,1,11.28109500,31.6400
1622172809508000,1,29.33107700,31.6400
1622172840265000,1,62.40000000,31.7500
1622172840547000,1,4.20017517,31.7300
1622172840547000,1,4.19797971,31.7300
1622172840964000,1,10.50100000,31.7300
1622172842310000,0,62.40000000,31.7400
1622172860237000,0,18.89930000,31.8300
1622172861505000,0,62.40000000,31.8300
1622172880527000,1,4.07476613,31.8500
1622172880527000,1,9.53673251,31.8400
1622172882864000,0,5.98850136,31.8400
1622172892547000,0,62.40000000,31.8900
1622172893580000,0,33.10009000,31.8900
1622172894087000,0,0.00000034,31.8900
1622172899514000,0,215.00000000,31.9300
1622172912968000,1,12.59890000,31.9100
1622172924500000,0,20.50031000,31.9300
1622172926688000,0,0.00000942,31.9300
1622172927145000,1,62.40000000,31.9400
1622172927145000,1,80.00000000,31.9300
1622172927145000,1,36.91438499,31.9200
1622172930229000,1,62.40000000,31.9100
1622172930668000,1,62.40000000,31.8900
1622172932160000,1,62.40000000,31.8600
1622172940729000,1,4.68313629,31.8900
1622172940729000,1,11.70637308,31.8900
1622172940729000,1,30.43691063,31.8900
1622172980046000,1,62.40000000,31.9500
1622173012305000,1,62.40000000,32.0300
1622173019421000,1,3.67158670,32.0400
1622173019421000,1,9.17855330,32.0400
1622173019539000,1,0.00001256,32.0400
1622173050525000,1,62.40000000,32.0200
