timestamp ms,type,amount,price
1627516922495000,0,4.56000000,19.0800
1627516922856000,0,4.96600000,19.0800
1627516923204000,0,5.67600000,19.0800
1627516941829000,1,12.40000000,19.0500
1627516952804000,1,1.36800000,18.9900
1627516972232000,1,0.00005300,18.9900
1627516977399000,1,13.10000000,18.9800
1627516978043000,1,12.70000000,18.9700
1627516980705000,1,12.60000000,18.9600
1627516997115000,1,12.50000000,18.9500
1627517041931000,1,12.90000000,18.9500
1627517052717000,1,28.79828872,18.9300
1627517052719000,1,396.00000000,18.9300
1627517052727000,1,10.26450000,18.9300
1627517052732000,1,22.05830053,18.9300
1627517052732000,1,55.10260471,18.9300
1627517052732000,1,21.77630604,18.9300
1627517052732000,1,13.93006861,18.9300
1627517052736000,1,4.67960000,18.9300
1627517052737000,1,1.39033139,18.9300
1627517056958000,0,12.60000000,18.9000
1627517093724000,0,12.90000000,18.9000
1627517105762000,0,2.34410000,18.9000
1627517195238000,0,12.60000000,18.9300
1627517199722000,1,3.81000000,18.9200
1627517205221000,1,181.51000000,18.9000
1627517205432000,1,290.49000000,18.9000
1627517207837000,1,438.00000000,18.8900
1627517225987000,1,3.44100000,18.8800
1627517247815000,0,20.00000000,18.9000
1627517276828000,0,3.44100000,18.9400
1627517276879000,0,396.00000000,18.9400
1627517277112000,0,60.55900000,18.9400
1627517320203000,0,4.19795227,18.9300
1627517320208000,0,7.80204773,18.9300
1627517470944000,1,20.46240000,18.9500
1627517494411000,0,20.46240000,19.0000
1627517495434000,1,99.00000000,19.0000
1627517536691000,1,2.68460000,18.9900
1627517536724000,1,1.68320000,18.9900
1627517587183000,0,4.36780000,19.0000
1627517605880000,1,99.00000000,19.0000
1627517621731000,0,34.92636820,19.0200
1627517621740000,0,18.11779583,19.0200
1627517621740000,0,40.93063889,19.0200
1627517621752000,0,65.72197370,19.0200
1627517621755000,0,71.87206614,19.0200
1627517621844000,0,4.10000000,19.0300
1627517622552000,1,20.00000000,19.0400
1627517622615000,0,32.92538205,19.0400
1627517623998000,1,18.00000000,19.0500
1627517624054000,0,545.11249000,19.0500
1627517624063000,0,0.00000360,19.0500
1627517628885000,0,1.32380000,19.0800
1627517629547000,0,0.00005000,19.0800
1627517629833000,0,20.00000000,19.0900
1627517669574000,1,12.79999999,19.0900
1627517669579000,1,0.00000001,19.0900
1627517704674000,1,3.19500000,19.0800
1627517760675000,0,3.19500000,19.0800
1627517972918000,1,5.70845000,19.0500
1627518037848000,1,1.42800000,19.0000
1627518037878000,1,1.75840000,19.0000
1627518037944000,1,20.00000000,19.0000
1627518115328000,0,38.15712338,18.9700
1627518115394000,0,263.75765845,18.9700
1627518221915000,0,3.18640000,19.0200
1627518222645000,0,1.61240000,19.0200
1627518257411000,1,1.61240000,18.9800
1627518257673000,1,11.28760000,18.9800
1627518401008000,1,3.14000000,18.9800
1627518401008000,1,0.00500000,18.9800
1627518577841000,0,12.50000000,18.9200
1627518611768000,0,7.99800000,18.9400
1627518612209000,1,7.60200000,18.9300
1627518632949000,1,7.68200000,18.9200
1627518638188000,0,7.60200000,18.9300
1627518677244000,0,2.87270000,18.9400
1627518677906000,0,1.54050000,18.9500
1627518677947000,0,2.45880000,18.9500
1627518677971000,0,7.80040000,18.9500
1627518678025000,0,0.90030000,18.9500
1627518783662000,1,13.70000000,18.9400
1627518785091000,1,12.50000000,18.9300
1627518785355000,1,3.07270000,18.9300
1627518911316000,1,3.71680000,18.9100
1627518923639000,1,12.50000000,18.9000
1627518930429000,1,12.50000000,18.8900
1627518999618000,0,3.71680000,18.9100
1627519023365000,0,20.00000000,18.8700
1627519023458000,0,19.59871375,18.8700
1627519138809000,0,99.00000000,18.9000
1627519237346000,1,2.82150000,18.8900
1627519352553000,1,0.00005000,18.8900
1627519380372000,0,43.41000000,18.9100
1627519380831000,0,0.00376274,18.9100
1627519462247000,0,322.00000000,18.9100
1627519603819000,1,3.09000000,18.9200
1627519613459000,1,12.60000000,18.9100
1627519729658000,1,3.19200000,18.9300
1627519735225000,1,13.00000000,18.9200
1627519845655000,1,8.28720000,18.9200
1627519845656000,1,7.39280000,18.9200
1627519851235000,1,17.19000000,18.9100
1627519851312000,1,0.00100000,18.9100
1627519869754000,1,20.96000000,18.9000
1627520023262000,1,20.00000000,18.8800
1627520023262000,1,5.00000000,18.8700
1627520079719000,1,12.50000000,18.9100
1627520085855000,1,12.80000000,18.8900
1627520087876000,1,15.20000000,18.8700
1627520109192000,1,19.00000000,18.8600
1627520112229000,1,3.25100000,18.8600
1627520151466000,0,12.70000000,18.8500
1627520261801000,0,20.88720000,18.8300
1627520347974000,1,64.92750000,18.8400
1627520348007000,1,6.39990000,18.8400
1627520348026000,1,2.50870000,18.8400
1627520348033000,1,2.56110000,18.8400
1627520348072000,1,2.71540000,18.8400
1627520348143000,1,240.45040000,18.8400
1627520348143000,1,31.12960000,18.8400
1627520348145000,1,126.26640000,18.8400
1627520376409000,1,2.39248999,18.8200
1627520376424000,1,0.00000001,18.8200
1627520378913000,1,12.60000000,18.8000
1627520394921000,1,230.00000000,18.8200
1627520401136000,1,2.15736452,18.7900
1627520401136000,1,18.90052981,18.7900
1627520427119000,1,13.20000000,18.8000
1627520460929000,1,12.90000000,18.7800
1627520460929000,1,1.99999999,18.7800
1627520460942000,1,0.00000001,18.7800
1627520504828000,0,99.00000000,18.8000
1627520543466000,1,3.86699999,18.8200
1627520543541000,1,0.00000001,18.8200
1627520559065000,0,14.18510000,18.8300
1627520777950000,0,3.26840000,18.9100
1627520778051000,0,20.00000000,18.9100
1627520778131000,0,7.46930000,18.9100
1627520778293000,0,1.76280000,18.9100
1627520782309000,0,13.00000000,18.9200
1627520809964000,1,3.35600000,18.9200
1627520820608000,1,3.72200000,18.9100
1627520834603000,0,3.72520000,18.9200
1627520834674000,0,2.86350000,18.9200
1627520834686000,0,3.22700000,18.9200
1627520834701000,0,3.08430000,18.9200
1627520909371000,1,12.50000000,18.9200
1627520916569000,1,5.82250000,18.9100
1627520924246000,1,20.00000000,18.9000
1627520927064000,1,12.60000000,18.8800
1627520927154000,1,7.99999999,18.8800
1627521023834000,1,4.99000000,18.8800
1627521023843000,1,1.82440000,18.8800
1627521023873000,1,1.84410000,18.8800
1627521053769000,1,5.49976000,18.8400
1627521053780000,1,0.11224000,18.8400
1627521064591000,1,5.30100000,18.8300
1627521070237000,1,5.48800000,18.8200
1627521159022000,0,8.65850000,18.7900
1627521183986000,1,7.64599999,18.7900
1627521184069000,1,0.00000001,18.7900
1627521186307000,1,8.55099999,18.7800
1627521186352000,1,0.00000001,18.7800
1627521187663000,1,7.40000000,18.7700
1627521207643000,0,1.53930000,18.7900
1627521207679000,0,1.38550000,18.7900
1627521275346000,1,4.00000000,18.7900
1627521275346000,1,3.74969508,18.7800
1627521360660000,1,2.66020000,18.7500
1627521360854000,1,0.00006666,18.7500
1627521388491000,1,3.39000000,18.7600
1627521388570000,1,0.00600000,18.7600
1627521389721000,1,3.00700000,18.7500
1627521389721000,1,12.80000000,18.7400
1627521389721000,1,9.19300000,18.7400
1627521607479000,0,2.85380000,18.7600
1627521607544000,0,3.00750000,18.7600
1627521607588000,0,7.23870000,18.7600
1627521679323000,0,12.60000000,18.7600
1627521748529000,1,83.53877318,18.7000
1627521748531000,1,107.45804749,18.7000
1627521748534000,1,75.59820048,18.7000
1627521748534000,1,147.47583502,18.7000
1627521748592000,1,149.00450000,18.7000
1627521748593000,1,6.12590000,18.7000
1627521748593000,1,13.39370000,18.7000
1627521748610000,1,0.00006498,18.7000
1627521748610000,1,395.99993502,18.6900
1627521748611000,1,2.43020000,18.6900
1627521748623000,1,1.30150000,18.6900
1627521748684000,1,0.34818349,18.6900
1627521749000000,1,460.00000000,18.6900
1627521749870000,1,36.40000000,18.6700
1627521755728000,1,22.57645127,18.6600
1627521755747000,1,13.32354873,18.6600
1627521755747000,1,2.67596566,18.6400
1627521755747000,1,11.94572961,18.6400
1627521758026000,1,2.67740000,18.6300
1627521760759000,1,0.00000203,18.6300
1627521772036000,0,13.40000000,18.6500
1627521772805000,0,12.70000000,18.6600
1627521788365000,0,20.00000000,18.6600
1627521792900000,1,146.55490000,18.6400
1627521800943000,0,13.10000000,18.6300
1627521814048000,0,3.73170000,18.6500
1627521824479000,1,12.79999999,18.6600
1627521841444000,1,20.00000000,18.7100
1627521874017000,1,108.02834000,18.7100
1627521880002000,1,23.72260000,18.7100
1627521880164000,1,1.49860000,18.7100
1627521880334000,1,2.44040000,18.7100
1627521880740000,1,0.00000605,18.7100
1627521995413000,0,1.95450000,18.6600
1627521995414000,0,21.31340000,18.6600
1627521995447000,0,5.49790000,18.6600
1627521995448000,0,459.23420000,18.6600
1627522115223000,1,42.74780000,18.7100
1627522115273000,1,1.79620000,18.7100
1627522115321000,1,1.27380000,18.7100
1627522115321000,1,3.16650000,18.7100
1627522115338000,1,1.62330000,18.7100
1627522115372000,1,1.33230000,18.7100
1627522115417000,1,1.49080000,18.7100
1627522115461000,1,3.80340000,18.7100
1627522115499000,1,55.57066136,18.7100
1627522115735000,1,38.09278061,18.7100
1627522115784000,1,1.64700000,18.7100
1627522117059000,1,269.02000000,18.7100
1627522117591000,1,0.00645803,18.7100
1627522132966000,1,12.66106792,18.6900
1627522132984000,1,11.33000000,18.6900
1627522133011000,1,73.34047109,18.6900
1627522133016000,1,14.73146099,18.6900
1627522147376000,1,25.00000000,18.6800
1627522203377000,0,20.00000000,18.7100
1627522321429000,0,6.39500000,18.7300
1627522323842000,1,6.73400000,18.7200
1627522325110000,1,3.77202000,18.7100
1627522325461000,1,0.07698000,18.7100
1627522391701000,0,20.00000000,18.7200
1627522406095000,0,14.05430000,18.7200
1627522526021000,0,2.67596566,18.7900
1627522584096000,0,2.67000000,18.8000
1627522805761000,0,0.00740000,18.8000
1627522870650000,0,2.42432400,18.7900
1627522987551000,0,53.08000000,18.7900
1627523037792000,1,86.18700000,18.7600
1627523142339000,1,4.07200000,18.7000
1627523151781000,0,5.05184393,18.7100
1627523237882000,0,2.10760000,18.7600
1627523237910000,0,1.42340000,18.7600
1627523237929000,0,2.25900000,18.7600
1627523237944000,0,1.32840000,18.7700
1627523240698000,0,1.49340000,18.7900
1627523240788000,0,5.27390000,18.7900
1627523240807000,0,3.58980000,18.7900
1627523240810000,0,1.68420000,18.7900
1627523240841000,0,2.37020000,18.7900
1627523240843000,0,2.70290000,18.7900
1627523240874000,0,396.00000000,18.7900
1627523240885000,0,2.88560000,18.7900
1627523240924000,0,4.38520000,18.7900
1627523240951000,0,2.88560000,18.7900
1627523240958000,0,3.90380000,18.7900
1627523240981000,0,4.21710000,18.7900
1627523240987000,0,2.05890000,18.7900
1627523241003000,0,1.81360000,18.7900
1627523285011000,1,12.64700000,18.8000
1627523295500000,1,10.70999999,18.7900
1627523295554000,1,0.00000001,18.7900
1627523296171000,1,9.57100000,18.7800
1627523480127000,1,3.14000000,18.8000
1627523586608000,1,18.13900000,18.7900
1627523711880000,0,3.40770000,18.8100
1627523746224000,1,3.40770000,18.8000
1627523758832000,1,1.29480000,18.8000
1627523758864000,1,1.73580000,18.8000
1627523758882000,1,1.99420000,18.8000
1627523758884000,1,9.74020000,18.8000
1627523761032000,1,1.51440000,18.7900
1627523761046000,1,5.63260000,18.7900
1627523761055000,1,1.65100000,18.7900
1627523761076000,1,1.86110000,18.7900
1627523761138000,1,0.38190000,18.7900
1627523837816000,1,197.55551864,18.8000
1627523837816000,1,0.95672963,18.8000
1627523838016000,1,4.05127037,18.8000
1627523948832000,1,12.70000000,18.7800
1627523950218000,0,15.68390000,18.7900
1627523951378000,0,3.23500000,18.7900
1627524004819000,1,1.31850000,18.7700
1627524005356000,1,20.00000000,18.7700
1627524024192000,1,8.00000000,18.7500
1627524086421000,1,3.63286000,18.7500
1627524086448000,1,0.07414000,18.7500
1627524135949000,0,1.31850000,18.7700
1627524136602000,0,113.09000000,18.7700
1627524136731000,0,432.91000000,18.7700
1627524136731000,0,199.26924478,18.7700
1627524172434000,0,20.00000000,18.8000
1627524197326000,1,4.68000000,18.8200
1627524246320000,1,3.33300000,18.8400
1627524248284000,1,3.76800000,18.8300
1627524314818000,1,8.98000000,18.8600
1627524314855000,1,0.00400000,18.8600
1627524342863000,1,6.84000000,18.8500
1627524342925000,1,0.00100000,18.8500
1627524344125000,0,4.40800000,18.8700
1627524344710000,1,6.08700000,18.8600
1627524347184000,1,2.16930000,18.8500
1627524347201000,1,2.99070000,18.8500
1627524347209000,1,0.08800000,18.8500
1627524389786000,0,2.74155000,18.8800
1627524389786000,0,8.50545000,18.8800
1627524390840000,0,3.13000000,18.8800
1627524390852000,0,392.36455000,18.8800
1627524395314000,0,488.00000000,18.8900
1627524420014000,0,157.48463983,18.8800
1627524422865000,1,20.00000000,18.8700
1627524430405000,1,13.00000000,18.8600
1627524456607000,1,13.00000000,18.8500
1627524494271000,0,20.00000000,18.8600
1627524673413000,0,12.40000000,18.8800
1627524851357000,1,7.03000000,18.8800
1627524869163000,0,2.66019999,18.9200
1627524869165000,0,0.00000001,18.9200
1627524886275000,1,4.50000000,18.9200
1627524886322000,1,0.00300000,18.9200
1627524896165000,1,5.43000000,18.9100
1627524896183000,1,0.00300000,18.9100
1627524921599000,0,3.71684000,18.9200
1627525213751000,0,19.60000000,18.9100
1627525213994000,0,18.00000000,18.9100
1627525256468000,1,99.00000000,18.8900
1627525256468000,1,1.07022132,18.8900
1627525286945000,1,1.72090000,18.8900
1627525287001000,1,1.27310000,18.8900
1627525287056000,1,189.48376794,18.8900
1627525566833000,0,2.97830000,18.9200
1627525566942000,0,0.00008000,18.9200
1627525621664000,1,20.00000000,18.9300
1627525648652000,1,12.40000000,18.9600
1627525661938000,1,13.00000000,18.9600
1627525731616000,0,99.00000000,18.9700
1627525769735000,0,12.40000000,18.9900
1627525790604000,0,263.48160000,18.9900
1627525790692000,0,0.00001872,18.9900
1627525791142000,0,263.33730168,19.0000
1627525791142000,0,52.54209832,19.0000
1627525804134000,1,1.40530000,18.9500
1627525804166000,1,8.66460000,18.9500
1627525804169000,1,2.63010000,18.9500
1627525834415000,0,4.05120000,18.9600
1627525858594000,1,12.40000000,18.9200
1627525983340000,1,5.77800000,18.9900
1627525996026000,1,1.30940000,18.9800
1627525996107000,1,1.37920000,18.9800
1627525996367000,1,3.95640000,18.9800
1627525996367000,1,16.60000000,18.9800
1627526039885000,1,3.10631648,18.9700
1627526102065000,0,2.68860000,18.9800
1627526176342000,0,4.68000000,18.9800
1627526236071000,0,0.00700000,18.9800
1627526249075000,1,4.94800000,18.9900
1627526251405000,1,4.40800000,18.9800
1627526251865000,1,3.64300000,18.9700
1627526355283000,0,2.79620853,18.9900
1627526475918000,0,1.71160000,18.9800
1627526475974000,0,0.69144000,18.9800
1627526599562000,1,3.24567039,18.9700
1627526671100000,1,3.71600000,18.9700
1627526690017000,1,1.71160000,18.9700
1627526690126000,1,1.51800000,18.9700
1627526788744000,1,8.03662475,18.9500
1627526788744000,1,3.21507525,18.9500
1627526788749000,1,0.00008322,18.9500
1627526793130000,1,8.04612772,18.9300
1627526793130000,1,3.21845109,18.9300
1627526800058000,1,3.05111898,18.9300
1627526800058000,1,7.62602526,18.9300
1627526800058000,1,19.82326945,18.9300
1627526800058000,1,18.00000000,18.9300
1627526847318000,0,2.84240000,18.9400
1627526886880000,1,2.84240000,18.9400
1627526887024000,1,0.09634847,18.9400
1627526939255000,1,3.26900000,18.9400
1627526941361000,1,13.00000000,18.9300
1627527142297000,1,12.70000000,18.8500
1627527142297000,1,7.33950491,18.8500
1627527142297000,1,2.93598869,18.8500
1627527198572000,1,2.83460000,18.8600
1627527198692000,1,0.00004540,18.8600
1627527290627000,0,75.08000000,18.8700
1627527291712000,0,18.77000000,18.8700
1627527292519000,0,465.83100000,18.8700
1627527292519000,0,196.63900000,18.8700
1627527292549000,0,0.00600000,18.8700
1627527360392000,1,2.81750000,18.8800
1627527360570000,1,0.00007208,18.8800
1627527445035000,0,4.06000000,18.8800
1627527445933000,1,3.09100000,18.8700
1627527464381000,1,3.76200000,18.8600
1627527513426000,1,4.07410000,18.8100
1627527513548000,1,0.00004284,18.8100
1627527578160000,0,13.10000000,18.7900
1627527633918000,1,13.20000000,18.8100
1627527653713000,0,8.61000000,18.8000
1627527653875000,0,0.00045000,18.8000
1627527667098000,1,265.90155029,18.7900
1627527667098000,1,130.09844971,18.7900
1627527667199000,1,9.99217662,18.7900
1627527667199000,1,3.99631813,18.7900
1627527667199000,1,25.98656839,18.7900
1627527674053000,1,4.00000000,18.7900
1627527784836000,0,18.40000000,18.8100
1627528031906000,0,2.28818240,18.8400
1627528129650000,0,0.04669760,18.8400
1627528129650000,0,12.90000000,18.8400
1627528129893000,0,157.33587554,18.8500
1627528129893000,0,62.92765883,18.8500
1627528130472000,1,99.00000000,18.8500
1627528130472000,1,99.00000000,18.8400
1627528130472000,1,12.94669000,18.8400
1627528130472000,1,98.74131000,18.8400
1627528164466000,0,27.88123011,18.8600
1627528203101000,1,12.40000000,18.8400
1627528430558000,0,1.77270000,18.8000
1627528430582000,0,1.39290000,18.8000
1627528430608000,0,1.55530000,18.8000
1627528430621000,0,1.89400000,18.8000
1627528430631000,0,6.26980000,18.8000
1627528430647000,0,6.64840000,18.8000
1627528430664000,0,1.71950000,18.8000
1627528430681000,0,4.59370000,18.8000
1627528430715000,0,37.20748479,18.8000
1627528455810000,1,5.85070000,18.7800
1627528459152000,1,5.85390000,18.7700
1627528520440000,0,20.00000000,18.8100
1627528520538000,0,1.69736000,18.8100
1627528520957000,0,18.00000000,18.8100
1627528593362000,0,63.11873444,18.7800
1627528593362000,0,22.74675252,18.7800
1627528666537000,1,14.14170000,18.7500
1627528738809000,1,3.00000000,18.7600
1627528738838000,1,0.00600000,18.7600
1627528916599000,1,15.31003223,18.7300
1627528916599000,1,6.12296777,18.7300
1627528918358000,1,6.12710000,18.7200
1627528949779000,0,3.10500000,18.7400
1627528996744000,1,5.87940000,18.7300
1627528997028000,1,0.00005552,18.7300
1627529037548000,1,4.13310000,18.7500
1627529037567000,1,1.71320000,18.7500
1627529037582000,1,0.00002695,18.7500
1627529037736000,1,4.96300000,18.7500
1627529109682000,1,4.11600000,18.7700
1627529111945000,1,4.11600000,18.7600
1627529149647000,0,10.80930000,18.7400
1627529495852000,0,1.34810000,18.7100
1627529523076000,1,1.34810000,18.6900
1627529535389000,0,13.20000000,18.7000
1627529541169000,1,13.30000000,18.7000
1627529574654000,1,3.15300000,18.6900
1627529575111000,1,13.10000000,18.6800
1627529575111000,1,4.15400000,18.6800
1627529579278000,1,3.82100000,18.6700
1627529665440000,0,78.42000000,18.7000
1627529672625000,0,257.26200000,18.7000
1627529672625000,0,32.73800000,18.7000
1627529672649000,0,35.19000000,18.7000
1627529672709000,0,146.68800000,18.7000
1627529719880000,0,6.55000000,18.7100
1627529728353000,0,0.00658000,18.7100
1627529739973000,0,7.14380733,18.7400
1627529764686000,1,5.80960000,18.7500
1627529835588000,0,3.91400000,18.7800
1627529977975000,1,20.00000000,18.8200
1627529978126000,1,18.00000000,18.8200
1627530002877000,1,4.75000000,18.8200
1627530002899000,1,0.00400000,18.8200
1627530017637000,0,3.45800000,18.8200
1627530063537000,1,39.00000000,18.8100
1627530098380000,1,2.00000000,18.8100
1627530104446000,1,13.80000000,18.8000
1627530128620000,1,13.20000000,18.7900
1627530410074000,0,3.31357600,18.7200
1627530435852000,1,6.14576210,18.7100
1627530435852000,1,15.36424105,18.7100
1627530435873000,1,0.00000001,18.7100
1627530442616000,1,6.04223325,18.7000
1627530442616000,1,15.10348365,18.7000
1627530442618000,1,0.00000001,18.7000
1627530442659000,1,248.34748066,18.6900
1627530442663000,1,18.39975585,18.6900
1627530442663000,1,266.75143963,18.6900
1627530442671000,1,94.20675991,18.6900
1627530442679000,1,129.04180046,18.6900
1627530442679000,1,39.97564640,18.6900
1627530442697000,1,12.80000000,18.6900
1627530442845000,1,87.79000000,18.6800
1627530443014000,1,6.04120000,18.6800
1627530443014000,1,0.00006429,18.6800
1627530443014000,1,6.04119571,18.6800
1627530443014000,1,6.04120000,18.6800
1627530443020000,1,3.02076501,18.6800
1627530443103000,0,6.04605063,18.6800
1627530495979000,0,3.74433000,18.7200
1627530495979000,0,6.38747000,18.7200
1627530533984000,0,12.60000000,18.7500
1627530570296000,0,12.60000000,18.7500
1627530570296000,0,25.13466102,18.7500
1627530570302000,0,38.12589709,18.7500
1627530575490000,0,13.00000000,18.7600
1627530678789000,1,4.81000000,18.8000
1627530678838000,1,0.00900000,18.8000
1627530687628000,1,2.82000000,18.7900
1627530687672000,1,192.30986894,18.7900
1627530687672000,1,3.98100000,18.7900
1627530719735000,1,10.13170000,18.7800
1627530719800000,1,140.20794795,18.7800
1627530719800000,1,12.59995205,18.7800
1627530719828000,1,0.00004795,18.7800
1627530857032000,1,16.28840928,18.7200
1627530857032000,1,6.51409072,18.7200
1627530859704000,0,2.07368000,18.7200
1627530906425000,0,1.14895200,18.7100
1627530906811000,0,2.07240600,18.7100
1627530913517000,1,3.04000000,18.7100
1627530917732000,0,174.82000000,18.7200
1627530917780000,0,0.00500000,18.7200
1627530930816000,0,11.06290000,18.7300
1627531066273000,0,9.58200000,18.7000
1627531072560000,0,267.53697000,18.7000
1627531072577000,0,0.00000787,18.7000
1627531073326000,0,3.12542000,18.7100
1627531130039000,1,6.23000000,18.7600
1627531130433000,1,8.15483998,18.7500
1627531130433000,1,20.38362193,18.7500
1627531130433000,1,6.22998809,18.7500
1627531130465000,1,0.00001191,18.7500
1627531167662000,1,4.83290000,18.7400
1627531180862000,1,12.80000000,18.7200
1627531202477000,1,8.03021858,18.7000
1627531202477000,1,12.90000000,18.7000
1627531202477000,1,20.07725142,18.7000
1627531202501000,1,0.00001176,18.7000
1627531356121000,1,2.67450000,18.6500
1627531358567000,1,0.00003083,18.6500
1627531358567000,1,7.69376917,18.6400
1627531360777000,0,1.27990000,18.6400
1627531360791000,0,2.44420000,18.6400
1627531360821000,0,1.27590000,18.6400
1627531360849000,0,2.76240000,18.6400
1627531360868000,0,2.06830000,18.6400
1627531360878000,0,3.82140000,18.6400
1627531394315000,1,13.00000000,18.6800
1627531394315000,1,0.65210000,18.6800
1627531394620000,1,7.06000000,18.6800
1627531461358000,0,58.66000000,18.7500
1627531461439000,0,345.29900000,18.7500
1627531468626000,0,12.90000000,18.7600
1627531498723000,0,10.75000000,18.7700
1627531498741000,0,37.60358000,18.7700
1627531499368000,0,4.55357870,18.7700
1627531499647000,0,19.59695014,18.7700
1627531500274000,0,5.61000000,18.7700
1627531500314000,0,4.68000000,18.7700
1627531500806000,0,5.61000000,18.7700
1627531501425000,0,5.61000000,18.7700
1627531501928000,0,4.68000000,18.7700
1627531509206000,0,8.68000000,18.7700
1627531509254000,0,0.00689116,18.7700
1627531518957000,0,12.49999999,18.8000
1627531518961000,0,0.00000001,18.8000
1627531518961000,0,12.49999998,18.8000
1627531518964000,0,7.50000002,18.8000
1627531519394000,0,446.00000000,18.8100
1627531519394000,0,28.51000000,18.8100
1627531519431000,0,34.54659996,18.8100
1627531534624000,0,2.67450000,18.8200
1627531534624000,0,0.00003083,18.8200
1627531550422000,0,61.70000000,18.8200
1627531552579000,0,157.44610388,18.8400
1627531552579000,0,22.78389612,18.8400
1627531552629000,0,15.87600000,18.8400
1627531645865000,1,12.50000000,18.8300
1627531656071000,1,13.10000000,18.8100
1627531709842000,1,71.00000000,18.7500
1627531713360000,0,12.60000000,18.7600
1627531730114000,0,10.30930000,18.7700
1627531756629000,1,10.30930000,18.7400
1627531756638000,1,2.79070000,18.7400
1627531756638000,1,20.00000000,18.7400
1627531759079000,1,13.30000000,18.7200
1627531767243000,1,2.13980000,18.7200
1627531788778000,0,63.28574000,18.7300
1627531788848000,0,0.00000742,18.7300
1627531839563000,1,0.00002200,18.7200
1627531861097000,1,13.20000000,18.7000
1627531872679000,1,1.87180000,18.6900
1627531914434000,0,4.50000000,18.6900
1627531932265000,0,0.00739000,18.6900
1627531975698000,1,11.56755000,18.7200
1627532042467000,1,11.49110000,18.7500
1627532042486000,1,0.00007998,18.7500
1627532095904000,1,16.83900000,18.7900
1627532099528000,1,20.82200000,18.7800
1627532099528000,1,11.40800000,18.7800
1627532099529000,1,0.00721679,18.7800
1627532112636000,0,266.31313094,18.7900
1627532112636000,0,63.12389990,18.7900
1627532112636000,0,66.56296916,18.7900
1627532112761000,0,91.24177000,18.7900
1627532118163000,0,12.60000000,18.8000
1627532145634000,0,5.97600000,18.8000
1627532168150000,0,62.99000000,18.8300
1627532168151000,0,0.00757586,18.8300
1627532170337000,0,1.58010000,18.8400
1627532170380000,0,1.49180000,18.8400
1627532170401000,0,2.43070000,18.8400
1627532176974000,1,14.02598316,18.8400
1627532176974000,1,3.37699684,18.8400
1627532177080000,1,0.00000316,18.8400
1627532191827000,0,1.95587714,18.8500
1627532208327000,1,5.06600000,18.8500
1627532208527000,1,13.00000000,18.8400
1627532208527000,1,13.32485780,18.8400
1627532208527000,1,5.30194220,18.8400
1627532235542000,0,1.47668654,18.8500
1627532261914000,1,12.70000000,18.8400
1627532302493000,1,12.60000000,18.8400
1627532314951000,1,1.35460000,18.8300
1627532314991000,1,1.38890000,18.8300
1627532315052000,1,9.65650000,18.8300
1627532319645000,1,12.90000000,18.8100
1627532341203000,0,2.30690000,18.8400
1627532347478000,0,461.71900000,18.8500
1627532368341000,1,12.80000000,18.8400
1627532383918000,0,20.00000000,18.8500
1627532387154000,1,3.10600000,18.8500
1627532387207000,1,1.89400000,18.8500
1627532387310000,1,3.10600000,18.8500
1627532387574000,1,13.58639179,18.8400
1627532387574000,1,13.00000000,18.8400
1627532387574000,1,33.96093551,18.8400
1627532387574000,1,3.13300000,18.8400
1627532442545000,1,12.60000000,18.8400
1627532470175000,0,61.84000000,18.8600
1627532470260000,0,165.57400000,18.8600
1627532494742000,0,4.25098000,18.8600
1627532708326000,0,12.40000000,18.8600
1627532719510000,0,14.07000000,18.8800
1627532719521000,0,3.07860000,18.8800
1627532719539000,0,45.64818179,18.8800
1627532728206000,1,3.07860000,18.8800
1627532735082000,0,13.00000000,18.9000
1627532735082000,0,121.31366498,18.9100
1627532750043000,0,12.80000000,18.9000
1627532751449000,0,12.70000000,18.9100
1627532768930000,1,1.96230000,18.9000
1627532768938000,1,1.35260000,18.9000
1627532768940000,1,1.37210000,18.9000
1627532768943000,1,1.53040000,18.9000
1627532768956000,1,1.66180000,18.9000
1627532769000000,1,3.58220000,18.9000
1627532770340000,1,282.35000000,18.8900
1627532770437000,1,161.65000000,18.8900
1627532789825000,0,11.46140000,18.8900
1627532896804000,1,12.50000000,18.8700
1627532898326000,0,3.82700000,18.8800
1627532929347000,1,3.98600000,18.8900
1627532973741000,0,1.46550000,18.9000
1627532973749000,0,1.42200000,18.9000
1627532973771000,0,16.12000000,18.9000
1627532973790000,0,1.38770000,18.9000
1627532973790000,0,238.84000000,18.9000
1627532973811000,0,1.35490000,18.9000
1627532973824000,0,74.78825713,18.9000
1627532973830000,0,140.18864287,18.9000
1627532973830000,0,62.72551888,18.9000
1627532976191000,0,2.14740000,18.9000
1627532976303000,0,1.30030000,18.9000
1627532976319000,0,300.60330000,18.9000
1627532976766000,0,13.10000000,18.9100
1627532986168000,1,9.07780000,18.8900
1627532986175000,1,5.33950000,18.8900
1627532993362000,0,62.79000000,18.8900
1627532993395000,0,0.00142697,18.8900
1627533016123000,1,12.60000000,18.9000
1627533065932000,1,12.80000000,18.8900
1627533122983000,0,11.18990000,18.8700
1627533123015000,0,1.41950000,18.8700
1627533172978000,0,90.06745540,18.8900
1627533172978000,0,8.93254460,18.8900
1627533172978000,0,45.63096777,18.8900
1627533173061000,0,219.22015428,18.8900
1627533173061000,0,62.78000746,18.8900
1627533173061000,0,156.92176692,18.8900
1627533180873000,1,12.60940000,18.8800
1627533224825000,0,62.78675677,18.8900
1627533224825000,0,12.90000000,18.8900
1627533224931000,0,5.36750000,18.9000
1627533225007000,0,396.00000000,18.9000
1627533225011000,0,6.69876669,18.9000
1627533225011000,0,156.89543330,18.9000
1627533252693000,0,218.93800000,18.9300
1627533276590000,1,12.90000000,18.9200
1627533276590000,1,14.17490000,18.9200
1627533276593000,1,5.36750000,18.9200
1627533276623000,1,0.00006106,18.9200
1627533276724000,1,48.85478679,18.9100
1627533276724000,1,127.02868183,18.9100
1627533276724000,1,287.59079138,18.9100
1627533277004000,1,126.40920000,18.9100
1627533311318000,0,139.97600000,18.9400
1627533312018000,1,99.00000000,18.9600
1627533312018000,1,20.00000000,18.9600
1627533312132000,0,40.80008000,18.9600
1627533312139000,0,0.00000169,18.9600
1627533336558000,1,12.80000000,19.0100
1627533340362000,1,6.29160000,19.0000
1627533347381000,1,1.27580000,18.9900
1627533374969000,1,502.55000000,18.9900
1627533375052000,1,5.45000000,18.9900
1627533449874000,0,3.78933000,19.0000
1627533501054000,1,3.57000000,18.9900
1627533527147000,0,7.56740000,19.0000
1627533527159000,0,133.87714674,19.0000
1627533527162000,0,45.72791632,19.0000
1627533527163000,0,3.71372668,19.0000
1627533527172000,0,10.95864790,19.0000
1627533527181000,0,61.50404893,19.0000
1627533560337000,1,22.50350000,19.0300
1627533566638000,0,15.77000000,19.0400
1627533566752000,0,52.00704706,19.0400
1627533566752000,0,390.11100000,19.0400
1627533566752000,0,103.69195294,19.0400
1627533566850000,0,0.00804706,19.0400
1627533584146000,1,22.38966640,19.0300
1627533584146000,1,262.57061350,19.0300
1627533584146000,1,317.99999010,19.0300
1627533584169000,1,0.00000990,19.0300
1627533631619000,1,22.26350000,19.0200
1627533631886000,0,22.26352000,19.0200
1627533631886000,0,94.37352292,19.0200
1627533657944000,1,3.32800000,19.0200
1627533681110000,0,1.64820000,19.0400
1627533717094000,1,1.64820000,19.0100
1627533891388000,0,12.40000000,19.0000
1627533893044000,0,2.17560000,19.0100
1627533897489000,0,133.83000000,19.0100
1627533897913000,0,0.00440000,19.0100
1627533902956000,0,276.14200000,19.0200
1627533906552000,0,20.00000000,19.0200
1627533981620000,0,67.77704704,19.0500
1627533981620000,0,67.77704705,19.0500
1627533981620000,0,67.77702591,19.0500
1627533981637000,0,0.00002113,19.0500
1627533986726000,1,19.65546000,19.0500
1627533986772000,1,0.00000207,19.0500
1627534012683000,1,48.90083851,19.0400
1627534012683000,1,127.13369359,19.0400
1627534012683000,1,19.55718200,19.0400
1627534145428000,0,12.60000000,19.0200
1627534165830000,1,18.26650000,19.0200
1627534220803000,1,12.70000000,18.9900
1627534376403000,1,5.89399999,18.9600
1627534376474000,1,0.00000001,18.9600
1627534378580000,1,6.06000000,18.9500
1627534378628000,1,0.00600000,18.9500
1627534397733000,1,5.20800000,18.9400
1627534413427000,0,7.00000000,18.9500
1627534439517000,0,5.20800000,18.9400
1627534461012000,0,434.73400000,18.9500
1627534527624000,0,18.00000000,18.9500
1627534528260000,0,87.30676786,18.9700
1627534528282000,0,33.76134043,18.9700
1627534528298000,0,50.47009169,18.9700
1627534528322000,0,26.90000000,18.9700
1627534528323000,0,9.11222663,18.9700
1627534528349000,0,36.23865957,18.9700
1627534528397000,0,34.15591382,18.9700
1627534553566000,0,7.65000000,18.9900
1627534553685000,0,0.00489000,18.9900
1627534564906000,1,17.95780000,18.9900
1627534564927000,1,0.00006254,18.9900
1627534576648000,0,1.57232704,18.9900
1627534582930000,1,4.93860000,18.9800
1627534582971000,1,1.92910000,18.9800
1627534583001000,1,11.00921485,18.9800
1627534621153000,1,17.80401866,18.9700
1627534621153000,1,44.50018134,18.9700
1627534621210000,1,0.00001494,18.9700
1627534643405000,0,6.86770000,18.9600
1627534652920000,1,1.50880000,18.9600
1627534652941000,1,3.25920000,18.9600
1627534653052000,1,2.26460000,18.9600
1627534653082000,1,1.42170000,18.9600
1627534653162000,1,4.24430000,18.9600
1627534681639000,1,17.05585510,18.9500
1627534809151000,0,282.59100000,18.9400
1627534809151000,0,99.27900000,18.9400
1627534809187000,0,0.00900000,18.9400
1627534811436000,0,12.69860000,18.9600
1627534945231000,1,6.27740000,18.8900
1627534945302000,1,2.38530000,18.8900
1627534954290000,0,6.27740000,18.8900
1627534981567000,1,15.61050000,18.8900
1627534993768000,1,15.53920000,18.8800
1627534993854000,1,0.00008738,18.8800
1627535003616000,1,15.47580000,18.8600
1627535018364000,1,38.52239268,18.8400
1627535018364000,1,15.41369814,18.8400
1627535018364000,1,19.99980918,18.8400
1627535025684000,1,15.42040000,18.8300
1627535106035000,0,209.69500000,18.8500
1627535106035000,0,103.28200000,18.8500
1627535106578000,0,3.52682041,18.8600
1627535124713000,1,15.04138686,18.8700
1627535124714000,1,0.00000001,18.8700
1627535369725000,0,90.33100000,18.8200
1627535370692000,0,339.81800000,18.8300
1627535442768000,0,6.76000000,18.8600
1627535442772000,0,0.00666000,18.8600
1627535603830000,1,14.99050774,18.8400
1627535603830000,1,265.24233415,18.8400
1627535603830000,1,37.48302942,18.8400
1627535603830000,1,13.00000000,18.8400
1627535603830000,1,17.99992869,18.8400
1627535607333000,1,14.99973727,18.8300
1627535607333000,1,37.49933273,18.8300
1627535607374000,1,0.00001044,18.8300
1627535639114000,1,13.15230000,18.8400
1627535640045000,1,12.80000000,18.8300
1627535678700000,0,274.27000000,18.8300
1627535678700000,0,96.36000000,18.8300
1627535697178000,0,0.00500000,18.8300
1627535712691000,1,12.64378034,18.8200
1627535722382000,1,12.58000000,18.8100
1627535722415000,1,0.00778382,18.8100
1627535777554000,0,12.70000000,18.8400
1627535794712000,0,2.45979000,18.8600
1627535796380000,0,12.60000000,18.8700
1627535843086000,1,1.33080000,18.8400
1627535857351000,0,12.60000000,18.8300
1627535857351000,0,62.97060000,18.8300
1627535863021000,0,12.90000000,18.8400
1627535863656000,0,12.80000000,18.8500
1627535944004000,1,3.28000000,18.8500
1627535949348000,1,0.00400000,18.8500
1627535954032000,0,1.33080000,18.8500
1627535954238000,0,61.58174000,18.8500
1627535954799000,0,314.81800000,18.8500
1627535995251000,0,110.61000000,18.8700
1627535995323000,0,0.00100000,18.8700
1627536072794000,1,12.60940000,18.8700
1627536120436000,1,3.20599999,18.8600
1627536120479000,1,0.00000001,18.8600
1627536136045000,1,3.20600000,18.8500
1627536158921000,0,5.61280000,18.8600
1627536158923000,0,0.00009000,18.8600
1627536384191000,0,1.92770000,18.8400
1627536384192000,0,1.95980000,18.8400
1627536384193000,0,6.77770000,18.8400
1627536384198000,0,52.27460000,18.8400
1627536384301000,0,0.00000286,18.8400
1627536544499000,1,10.64840000,18.8500
1627536545457000,1,12.64882573,18.8500
1627536545465000,1,0.00000001,18.8500
1627536571982000,1,12.55856274,18.8500
1627536571982000,1,31.30481517,18.8500
1627536606080000,1,12.26974253,18.8500
1627536696617000,0,1.33910000,18.8600
1627536698563000,0,1.93606000,18.8600
1627536698563000,0,153.06394000,18.8600
1627536706426000,0,140.00000000,18.8600
1627536706498000,0,169.04906000,18.8600
1627536706498000,0,32.72628000,18.8600
1627536718611000,0,262.72272000,18.8600
1627536730566000,0,2.48240000,18.8900
1627536730723000,0,3.39170000,18.8900
1627536730776000,0,1.28420000,18.8900
1627536730809000,0,5.47330000,18.8900
1627536730893000,0,3.19800000,18.8900
1627536730935000,0,1.88860000,18.8900
1627536732265000,1,3.45500000,18.8800
1627536763591000,0,265.21595595,18.9100
1627536763591000,0,158.02618740,18.9100
1627536763591000,0,156.87455511,18.9100
1627536763591000,0,62.74820154,18.9100
1627536763595000,0,0.00028969,18.9100
1627536763748000,0,5.99200000,18.9200
1627536763969000,0,39.31590000,18.9200
1627536764194000,0,12.38360000,18.9200
1627536813768000,1,13.40680000,18.9100
1627536861156000,0,40.87746855,18.9100
1627536863354000,0,15.67126485,18.9100
1627536863703000,0,213.03426000,18.9100
1627536872226000,0,0.00000660,18.9100
1627536880886000,0,3.30332700,18.9300
1627536880886000,0,156.69667300,18.9300
1627536897702000,0,15.65932699,18.9300
1627536897704000,0,0.00000001,18.9300
1627536898196000,0,62.60221757,18.9500
1627536898926000,0,2.47749500,18.9500
1627536900500000,1,13.31684000,18.9400
1627536994772000,1,13.43370000,18.9400
1627537062128000,1,10.60920000,18.9500
1627537063947000,1,13.35231000,18.9500
1627537063961000,1,0.00000240,18.9500
1627537165193000,0,1.29820000,18.9400
1627537165206000,0,34.85445356,18.9400
1627537165322000,0,1.31490000,18.9400
1627537166219000,0,249.91644000,18.9400
1627537166256000,0,0.00000644,18.9400
1627537208929000,0,3.65920000,18.9600
1627537208929000,0,141.54700000,18.9600
1627537214440000,0,1.48110000,18.9700
1627537215029000,0,3.79440000,18.9700
1627537215140000,0,20.00000000,18.9700
1627537216561000,1,1.03676463,18.9700
1627537216561000,1,6.85183537,18.9600
1627537217597000,1,21.04497000,18.9600
1627537217620000,1,0.00000172,18.9600
1627537217620000,1,21.04489828,18.9600
1627537217747000,1,31.56788000,18.9600
1627537242165000,1,3.54900000,18.9600
1627537329032000,0,1.39350000,18.9900
1627537329180000,0,0.00009100,18.9900
1627537347424000,0,3.00550999,19.0000
1627537347432000,0,0.00000001,19.0000
1627537358245000,0,36.94253266,19.0200
1627537358255000,0,128.40497937,19.0200
1627537358255000,0,98.00189981,19.0200
1627537358255000,0,14.00000000,19.0200
1627537358258000,0,253.94763334,19.0300
1627537358258000,0,9.62502067,19.0300
1627537358258000,0,307.80250999,19.0300
1627537359257000,1,13.56730000,19.0700
1627537374213000,1,19.71822922,19.0400
1627537374213000,1,49.29162078,19.0400
1627537386898000,1,19.37606000,19.0400
1627537386938000,1,0.00000470,19.0400
1627537421940000,0,194.26691000,19.0500
1627537483606000,1,262.58849466,19.0300
1627537483606000,1,84.68401534,19.0300
1627537557193000,1,11.00000000,19.0200
1627537557303000,1,9.22410000,19.0200
1627537631500000,1,20.14610000,18.9900
1627537632298000,1,7.95622028,18.9900
1627537637482000,0,6.99353676,19.0000
1627537637536000,0,20.74000000,19.0000
1627537637591000,0,3.28662000,19.0000
1627537640118000,1,18.00000000,19.0000
1627537644244000,0,12.17370000,19.0100
1627537644303000,0,148.68151368,19.0100
1627537676019000,1,20.01257998,19.0300
1627537676112000,1,0.00000001,19.0300
1627537680860000,1,75.29015567,19.0200
1627537681518000,1,412.70980000,19.0200
1627537681550000,1,0.00004433,19.0200
1627537695670000,1,19.92520000,19.0100
1627537696016000,1,0.00009177,19.0100
1627537767900000,1,19.73730000,19.0000
1627537810703000,0,333.68800000,19.0100
1627537827755000,0,195.61406000,19.0200
1627537828454000,0,9.37680000,19.0300
1627537828455000,0,1.33600000,19.0300
1627537828501000,0,3.13640000,19.0300
1627537828542000,0,1.88170000,19.0300
1627537828543000,0,3.26940000,19.0300
1627537828555000,0,2.05510000,19.0300
1627537828620000,0,3.06700000,19.0300
1627537828641000,0,6.66980000,19.0300
1627537828675000,0,7.36830000,19.0300
1627537829136000,0,280.00000000,19.0300
1627537829195000,0,3.85740000,19.0300
1627537829207000,0,199.90410000,19.0300
1627537832410000,1,19.61160000,19.0300
1627537849604000,0,27.73350000,19.0500
1627537849611000,0,81.05132350,19.0500
1627537849614000,0,29.31576755,19.0500
1627537849622000,0,124.78815376,19.0500
1627537849622000,0,62.26562342,19.0500
1627537849622000,0,155.64935560,19.0500
1627537849647000,0,14.25580000,19.0600
1627537849664000,0,6.34890000,19.0600
1627537849667000,0,2.89710000,19.0600
1627537849669000,0,370.85135316,19.0600
1627537849669000,0,25.14864684,19.0600
1627537849675000,0,1.36580000,19.0600
1627537849679000,0,7.45080000,19.0600
1627537849686000,0,20.14610000,19.0600
1627537849774000,0,4.28250000,19.0600
1627537849777000,0,3.69890000,19.0600
1627537849826000,0,342.58518070,19.0600
1627537851185000,0,1.50970000,19.0800
1627537851192000,0,0.00002400,19.0800
1627537860869000,1,20.86460000,19.0800
1627537882934000,1,62.70610000,19.1000
1627537883081000,1,425.29390000,19.1000
1627537885773000,0,106.12925170,19.1100
1627537916406000,1,3.26300000,19.1000
1627538090293000,0,278.58900000,19.0800
1627538090293000,0,178.11400000,19.0800
1627538161215000,1,22.45561000,19.0900
1627538163394000,0,3.35971000,19.1000
1627538163394000,0,0.28529000,19.1000
1627538170303000,1,3.55099999,19.0900
1627538170305000,1,0.00000001,19.0900
1627538292409000,1,22.26887531,19.0600
1627538292409000,1,12.69992469,19.0600
1627538360141000,0,1.32390000,19.0700
1627538360174000,0,1.26940000,19.0700
1627538360176000,0,319.25470000,19.0700
1627538360342000,0,3.80710000,19.0800
1627538374186000,1,2.59330000,19.0700
1627538403292000,1,22.12030000,19.0600
1627538403530000,1,0.00003914,19.0600
1627538560597000,0,3.02000000,19.0700
1627538575713000,1,22.03500498,19.0600
1627538575713000,1,55.07641166,19.0600
1627538575713000,1,545.99998336,19.0600
1627538747257000,0,166.84000000,19.0600
1627538747269000,0,0.00200000,19.0600
1627538777005000,0,0.00650000,19.0700
1627538777005000,0,12.04206634,19.0700
1627538784942000,0,5.13564634,19.0700
1627538785238000,0,236.28000000,19.0700
1627538785268000,0,85.28328732,19.0700
1627538785268000,0,11.12551696,19.0700
1627538875801000,1,21.64890000,19.0600
1627538966728000,0,4.59330709,19.0500
1627539018782000,0,2.30317583,19.0400
1627539018899000,0,0.04700359,19.0400
1627539038994000,1,21.46573309,19.0300
1627539038994000,1,53.64366691,19.0300
1627539067456000,1,21.09108000,19.0300
1627539111545000,0,46.57000000,19.0500
1627539112557000,0,11.65000000,19.0500
1627539113558000,0,2.91000000,19.0500
1627539115363000,0,178.92400000,19.0500
1627539115363000,0,153.47600000,19.0500
1627539167431000,0,0.00100000,19.0500
1627539167431000,0,5.27817180,19.0500
1627539202123000,0,0.10773820,19.0500
1627539220106000,0,50.72000000,19.0700
1627539220195000,0,0.00187091,19.0700
1627539249755000,1,5.96200000,19.0700
1627539250490000,1,4.28000000,19.0600
1627539261157000,1,4.58600000,19.0500
1627539421516000,0,106.67700000,19.0500
1627539602782000,1,20.74552000,19.0200
1627539663923000,0,396.50700000,19.0300
1627539663923000,0,253.50400000,19.0300
1627539665875000,1,20.63138000,19.0300
1627539665944000,1,0.00000372,19.0300
1627539716785000,1,12.90000000,19.0200
1627539728873000,1,20.55068115,19.0000
1627539728873000,1,99.00000000,19.0000
1627539728873000,1,47.96841290,19.0000
1627539768759000,0,3.92000000,19.0300
1627539796168000,1,12.70000000,19.0200
1627539796168000,1,20.19633000,19.0200
1627539913345000,1,5.37299999,19.0000
1627539913347000,1,0.00000001,19.0000
1627539914828000,1,5.39500000,19.0000
1627539939707000,0,3.56300000,19.0000
1627540179322000,1,3.22100000,18.9600
1627540216753000,0,189.15000000,18.9700
1627540217671000,0,81.23000000,18.9700
1627540230937000,1,12.70000000,18.9600
1627540333860000,0,422.90000000,18.9800
1627540334060000,0,0.00300000,18.9800
1627540419097000,0,3.50114000,19.0000
1627540505887000,1,19.86714000,18.9900
1627540505959000,1,0.00000341,18.9900
1627540579963000,0,99.00000000,19.0000
1627540579963000,0,127.40200421,19.0000
1627540580498000,0,26.75000000,19.0000
1627540580525000,0,26.33000000,19.0000
1627540580526000,0,26.33000000,19.0000
1627540580712000,0,74.10699579,19.0000
1627540580712000,0,98.70099421,19.0000
1627540580727000,0,0.00000579,19.0000
1627540644901000,1,5.02799999,19.0000
1627540644901000,1,0.00000001,19.0000
1627540664529000,1,4.47299999,19.0000
1627540664532000,1,0.00000001,19.0000
1627540754602000,1,3.06348000,18.9800
1627540809096000,0,97.02000000,18.9600
1627540809813000,0,1.98000000,18.9600
1627540859055000,1,3.20600000,18.9600
1627540866469000,1,19.81204364,18.9500
1627540866469000,1,3.07095636,18.9500
1627540880922000,0,78.35497462,18.9600
1627540901370000,1,0.00004364,18.9500
1627540901370000,1,19.70633359,18.9500
1627540964725000,1,19.62520000,18.9400
1627541072834000,0,2.84951000,18.9500
1627541072834000,0,312.15049000,18.9500
1627541072926000,0,160.00000000,18.9500
1627541072926000,0,1.91030000,18.9500
1627541072994000,0,1.41460000,18.9500
1627541073018000,0,50.63561000,18.9500
1627541076596000,0,140.31047931,18.9600
1627541076732000,0,51.36569061,18.9600
1627541115766000,1,3.43260000,18.9500
1627541209998000,0,6.17065078,18.9700
1627541210186000,0,252.95834922,18.9700
1627541246183000,1,4.68434628,18.9600
1627541264217000,1,19.46984000,18.9800
1627541266462000,1,48.68909689,18.9700
1627541266462000,1,19.47050311,18.9700
1627541402072000,1,19.05210000,18.9500
1627541431497000,1,18.96692000,18.9500
1627541431545000,1,0.00000046,18.9500
1627541581432000,1,18.87188000,18.9500
1627541581433000,1,0.00000308,18.9500
1627541729401000,1,18.80990000,18.9400
1627541729420000,1,0.00005354,18.9400
1627541749594000,1,18.73680000,18.9100
1627541753138000,1,18.74930000,18.9000
1627541757632000,1,18.66290000,18.8900
1627541765563000,1,46.20297628,18.8800
1627541765563000,1,18.48552372,18.8800
1627541785890000,1,17.84830000,18.8800
1627541797327000,0,15.38742166,18.9000
1627541797402000,0,132.35940055,18.9000
1627541805072000,1,17.73870000,18.9000
1627541805114000,1,0.00008592,18.9000
1627541805410000,1,44.35916633,18.8900
1627541805410000,1,115.30575103,18.8900
1627541805410000,1,17.74178264,18.8900
1627541805493000,1,0.00019414,18.8900
1627541884886000,0,4.79000000,18.9000
1627541990130000,0,0.00544000,18.9000
1627541990130000,0,172.66516000,18.9000
1627541990261000,0,396.00000000,18.9000
1627541990276000,0,14.27000000,18.9000
1627541990373000,0,314.43484000,18.9000
1627542170728000,0,315.29200000,18.9100
1627542315736000,0,222.17000000,18.9600
1627542317504000,0,131.23500000,18.9600
1627542317504000,0,124.16500000,18.9600
1627542317508000,0,0.00400000,18.9600
1627542340000000,1,15.37074000,18.9600
1627542359724000,1,15.30552000,18.9500
1627542402642000,1,12.60000000,18.9300
1627542509363000,1,15.25330000,18.9200
1627542557949000,1,13.10000000,18.9200
1627542640682000,0,15.85000000,18.9300
1627542640787000,0,253.52100000,18.9300
1627542640787000,0,172.22000000,18.9300
1627542651290000,0,3.57000000,18.9400
1627542651339000,0,0.00053000,18.9400
1627542679254000,1,15.16130000,18.9400
1627542679278000,1,0.00002779,18.9400
1627542874861000,0,252.18000000,18.9400
1627542874861000,0,0.00900000,18.9400
1627542914635000,0,6.62000000,18.9600
1627542937572000,0,49.00000000,18.9600
1627542960952000,0,68.59000000,18.9600
1627542962558000,1,15.11652913,18.9500
1627542962558000,1,37.78015087,18.9500
1627543033007000,0,5.68400000,18.9400
1627543184747000,1,8.65700000,18.9400
1627543188096000,1,7.73200000,18.9400
1627543203790000,1,8.40500000,18.9300
1627543325760000,1,1.33320000,18.9100
1627543325798000,1,2.24020000,18.9100
1627543325888000,1,6.74150000,18.9100
1627543408387000,0,4.61000000,18.9200
1627543408584000,0,0.00152000,18.9200
1627543482392000,0,62.92000000,18.9200
1627543482407000,0,71.00000000,18.9200
1627543482415000,0,377.12500000,18.9200
1627543494393000,1,3.11300000,18.9300
1627543509173000,0,10.31490000,18.9300
1627543509333000,0,135.84700000,18.9300
1627543560140000,1,14.46033000,18.9300
1627543580409000,1,14.38860000,18.9300
1627543691731000,0,12.80000000,18.9200
1627543912017000,1,6.00000000,18.9500
1627543936097000,1,12.70000000,18.9400
1627543987705000,1,12.99999999,18.9300
1627544042825000,1,12.40000000,18.9000
1627544069724000,1,13.20000000,18.8900
1627544107915000,1,14.30750000,18.8900
1627544174476000,1,396.00000000,18.8700
1627544174557000,1,14.24415733,18.8700
1627544174557000,1,35.61757742,18.8700
1627544232432000,1,12.40000000,18.8600
1627544232432000,1,264.48138365,18.8500
1627544232432000,1,205.04229967,18.8500
1627544232432000,1,155.72029294,18.8500
1627544232432000,1,99.00000000,18.8500
1627544232432000,1,518.00000000,18.8500
1627544232432000,1,35.01745222,18.8500
1627544232432000,1,14.00950568,18.8500
1627544232432000,1,37.00000000,18.8500
1627544232432000,1,264.61347411,18.8400
1627544232432000,1,15.22938190,18.8400
1627544344293000,1,4.53300000,18.8600
1627544426843000,0,3.85806000,18.8700
1627544426843000,0,163.46700000,18.8700
1627544426843000,0,99.07427880,18.8700
1627544426854000,0,5.43672120,18.8700
1627544444327000,0,33.38463413,18.8800
1627544444365000,0,53.29999999,18.8800
1627544445359000,0,5.10000000,18.9000
1627544460750000,1,13.10000000,18.8800
1627544460750000,1,6.61000000,18.8800
1627544486282000,0,3.70300000,18.8800
1627544566137000,1,3.47000000,18.8900
1627544839202000,1,3.49400000,18.8600
1627544871721000,1,3.22700000,18.8600
1627544917345000,0,265.11739251,18.8700
1627544917345000,0,62.85959367,18.8700
1627544917539000,0,5.20450000,18.8800
1627544917690000,0,303.93743000,18.8800
1627544917779000,1,62.80510552,18.8800
1627544918455000,0,137.70944130,18.8900
1627544918513000,0,83.81285615,18.8900
1627544918537000,0,8.67086894,18.8900
1627544918574000,0,215.80683361,18.8900
1627544980020000,0,1.76008000,18.9200
1627544980159000,0,0.03592000,18.9200
1627544994361000,0,3.19100000,18.9200
1627545034056000,1,5.20450000,18.9000
1627545054326000,1,2.00000000,18.8900
1627545214894000,0,4.80000000,18.9000
1627545246730000,0,3.43597000,18.9000
1627545259863000,0,12.60000000,18.9200
1627545409005000,1,15.74550000,18.9100
1627545509494000,1,39.24828727,18.8600
1627545509494000,1,15.70071273,18.8600
1627545513070000,0,25.46504237,18.8700
1627545528467000,1,264.61347265,18.8400
1627545528467000,1,131.38652735,18.8400
1627545582304000,1,12.60000000,18.8300
1627545595684000,0,157.49301827,18.8400
1627545595684000,0,62.99048173,18.8400
1627545595864000,0,0.00002630,18.8400
1627545596037000,0,2.01950000,18.8500
1627545596164000,0,9.73990000,18.8500
1627545596172000,0,1.44330000,18.8500
1627545599536000,0,56.66000000,18.8700
1627545633517000,1,12.90000000,18.8600
1627545651794000,0,4.49000000,18.8600
1627545739789000,1,13.20270000,18.8700
1627545740058000,1,392.00000000,18.8700
1627545740058000,1,48.68066390,18.8700
1627545740058000,1,19.47385610,18.8700
1627545758622000,0,113.09000000,18.8900
1627545758646000,0,86.00382510,18.8900
1627545762891000,1,13.09999999,18.8800
1627545762915000,1,0.00000001,18.8800
1627545828103000,0,3.09000000,18.8900
1627545828134000,0,0.00572000,18.8900
1627546045728000,0,3.34200000,18.8200
1627546079287000,1,3.17699999,18.8300
1627546079365000,1,0.00000001,18.8300
1627546108149000,1,3.26500000,18.8200
1627546108149000,1,92.39290000,18.8200
1627546108420000,1,17.95274683,18.8200
1627546108420000,1,53.29968118,18.8200
1627546115072000,0,2.52030000,18.8400
1627546115098000,0,60.46760000,18.8400
1627546139607000,1,2.52030000,18.8500
1627546139674000,1,10.17970000,18.8500
1627546152223000,1,12.90000000,18.8200
1627546262190000,1,2.65000000,18.8000
1627546262190000,1,100.00000000,18.8000
1627546330306000,0,61.01640000,18.8000
1627546330307000,0,2.08670000,18.8000
1627546330426000,0,0.00005763,18.8000
1627546416494000,1,2.08670000,18.8000
1627546578303000,0,2.58050000,18.8400
1627546598595000,0,19.60000000,18.8400
1627546607362000,1,2.58050000,18.8400
1627546607700000,1,12.80000000,18.8400
1627546728655000,1,432.73000000,18.8400
1627546728732000,1,61.27000000,18.8400
1627546838576000,1,10.03000000,18.8000
1627546838618000,1,0.00457446,18.8000
1627546867256000,1,3.92000000,18.8000
1627546867281000,1,0.00400000,18.8000
1627546871211000,1,3.75000000,18.7900
1627546923759000,1,20.00000000,18.7900
1627547022390000,1,3.18000000,18.8000
1627547064343000,1,1.51350000,18.8100
1627547064373000,1,24.65826587,18.8100
1627547168992000,0,265.99922070,18.8100
1627547222678000,1,195.91000000,18.7900
1627547232336000,0,1.51350000,18.8100
1627547333509000,0,3.03000000,18.8400
1627547333509000,0,5.56930000,18.8400
1627547333515000,0,2.12310000,18.8400
1627547335672000,1,10.72240000,18.8300
1627547537845000,1,3.01000000,18.8300
1627547537866000,1,0.00800000,18.8300
1627547771358000,0,5.18119022,18.8200
1627547969013000,0,3.21000000,18.8300
1627547969215000,0,0.00782000,18.8300
1627548007735000,1,10.00000000,18.8500
1627548028098000,0,12.60000000,18.8800
1627548161852000,1,25.72733000,18.8900
1627548161858000,1,0.00000937,18.8900
1627548246422000,0,2.43510000,18.9400
1627548247201000,0,2.09660000,18.9400
1627548249809000,0,0.00009400,18.9400
1627548249809000,0,13.10000000,18.9500
1627548262676000,1,17.63170000,18.9500
1627548262677000,1,7.88246921,18.9500
1627548262677000,1,12.60000000,18.9500
1627548262677000,1,63.78424850,18.9500
1627548295110000,1,1.85575800,18.9500
1627548306796000,1,2.01040500,18.9500
1627548328850000,0,1.50780000,18.9600
1627548328898000,0,0.00000300,18.9600
1627548328898000,0,8.53369700,18.9700
1627548328913000,0,2.20140000,18.9700
1627548328917000,0,1.52850000,18.9700
1627548328988000,0,0.43640300,18.9700
1627548328988000,0,1.14089700,18.9700
1627548413532000,1,24.97306000,19.0100
1627548544181000,1,15.34850000,18.9500
1627548579820000,0,1.86020000,18.9900
1627548642250000,0,1.86770000,19.0000
1627548642306000,0,6.30410000,19.0000
1627548642306000,0,1.42710000,19.0000
1627548667122000,1,12.50000000,19.0000
1627548713077000,1,262.99865809,19.0000
1627548713077000,1,12.90000000,19.0000
1627548713077000,1,16.44314191,19.0000
1627548713077000,1,0.00012189,19.0000
1627548713210000,1,263.12579523,18.9900
1627548713210000,1,106.36597510,18.9900
1627548713210000,1,26.50822967,18.9900
1627548713219000,1,13.79859503,18.9900
1627548713219000,1,382.20140497,18.9900
1627548713617000,1,23.79859503,18.9900
1627548753498000,1,3.52300000,18.9800
1627548784671000,1,7.93610000,18.9800
1627548792003000,1,3.08200000,18.9700
1627548794677000,1,3.18400000,18.9600
1627548840108000,1,1.67010000,18.9500
1627548840430000,1,13.64000000,18.9500
1627548855641000,0,7.93610000,18.9500
1627548855773000,0,54.67511054,18.9500
1627548855773000,0,13.00000000,18.9500
1627548856127000,0,6.14090000,18.9600
1627548856184000,0,3.09230000,18.9600
1627548922771000,1,9.23320000,18.9600
1627549217973000,0,11.61481234,18.9600
1627549218031000,0,181.18749387,18.9600
1627549270756000,0,12.33990000,18.9700
1627549418165000,1,12.33990000,18.9600
1627549449966000,0,2.90430000,18.9600
1627549480101000,1,2.90430000,18.9600
1627549544071000,1,13.00000000,18.9600
1627549677824000,1,13.00000000,18.9900
1627549682097000,1,12.39999999,18.9800
1627549682098000,1,0.00000001,18.9800
1627549700400000,1,22.47000000,18.9700
1627549700431000,1,0.00300000,18.9700
1627549718302000,0,1.55400000,18.9800
1627549718371000,0,1.96550000,18.9800
1627549725007000,1,3.51950000,18.9700
1627549726281000,0,20.08500000,18.9800
1627549734880000,1,21.22000000,18.9700
1627549734945000,1,0.00200000,18.9700
1627549753440000,1,15.53800000,18.9600
1627549813635000,0,2.18030000,18.9700
1627549813648000,0,3.33440000,18.9700
1627549813672000,0,2.75850000,18.9700
1627549813698000,0,4.62680000,18.9700
1627549813698000,0,7.19210000,18.9700
1627549813702000,0,55.36750000,18.9700
1627549813750000,0,0.00006096,18.9700
1627549828818000,1,13.75310000,18.9800
1627549910138000,0,12.60000000,19.0000
1627549914780000,1,6.33900000,18.9900
1627549952376000,1,12.39999999,18.9900
1627549952424000,1,0.00000001,18.9900
1627550054063000,0,1.86950000,19.0100
1627550080034000,1,13.39435000,19.0100
1627550089004000,1,7.66187000,18.9900
1627550116612000,1,1.86950000,18.9900
1627550140750000,1,13.00000000,18.9700
1627550155713000,1,12.90000000,18.9600
1627550323528000,0,1.48840000,19.0200
1627550323568000,0,2.51590000,19.0200
1627550323584000,0,353.99570000,19.0200
1627550391800000,1,4.00430000,19.0000
1627550391932000,1,13.93137162,19.0000
1627550428161000,1,12.80000000,18.9800
1627550518514000,1,7.40000000,18.9900
1627550518929000,1,0.00400000,18.9900
1627550521628000,1,8.31000000,18.9800
1627550521638000,1,0.00200000,18.9800
1627550525939000,1,12.40000000,18.9700
1627550525939000,1,5.24000000,18.9700
1627550711683000,0,20.00000000,18.9400
1627550736213000,0,12.70000000,18.9400
1627550765002000,0,8.13396624,18.9600
1627550765774000,1,14.30519864,18.9400
1627550765774000,1,0.36411530,18.9400
1627550765827000,1,28.15335911,18.9400
1627550765885000,1,7.23684003,18.9400
1627550889355000,0,62.62000000,18.9500
1627550889361000,0,0.00750466,18.9500
1627551115396000,0,52.60938323,18.9700
1627551257107000,0,60.96000000,19.0000
1627551257125000,0,1.54014052,19.0000
1627551290489000,1,15.10300482,18.9900
1627551290489000,1,19.97893216,18.9900
1627551290928000,1,34.83401210,18.9800
1627551290997000,1,63.33831224,18.9800
1627551290997000,1,15.10322247,18.9800
1627551290997000,1,37.74360125,18.9800
1627551304271000,0,62.53490000,18.9800
1627551603912000,0,1.74240000,19.0100
1627551603959000,0,1.89740000,19.0100
1627551603976000,0,7.11190000,19.0100
1627551603994000,0,1.79160000,19.0100
1627551604005000,0,49.88190000,19.0100
1627551604028000,0,0.00002741,19.0100
1627551611585000,1,15.04000000,18.9900
1627551611674000,1,0.00563178,18.9900
1627551752600000,1,9.32800000,19.0100
1627551780783000,1,6.50000000,19.0200
1627551780786000,1,0.00800000,19.0200
1627551791727000,0,62.38186920,19.0200
1627551821552000,1,3.20730000,19.0300
1627551822678000,0,13.10000000,19.0400
1627551823196000,0,62.30953581,19.0500
1627551823196000,0,12.89996419,19.0500
1627551823387000,0,0.00003581,19.0500
1627551823387000,0,395.99996419,19.0600
1627551823398000,0,8.98867384,19.0600
1627551823398000,0,155.76107344,19.0600
1627551823619000,0,62.27760952,19.0600
1627551823662000,0,1.05138961,19.0700
1627551825309000,1,6.84040000,19.0500
1627551837526000,0,3.71800000,19.0400
1627551847810000,0,52.36096537,19.0600
1627551864927000,1,3.24800000,19.0400
1627551901091000,0,6.84040000,19.0700
1627551902394000,0,396.00000000,19.0700
1627551919583000,1,20.58000000,19.0800
1627551919640000,1,0.00652728,19.0800
1627551978776000,1,5.11260000,19.0500
1627551987328000,0,5.11260000,19.0600
1627552005304000,1,151.55813356,19.0300
1627552005304000,1,208.41722622,19.0300
1627552009617000,0,4.27923578,19.0400
1627552012077000,0,9.89125234,19.0500
1627552020125000,0,12.70000000,19.0600
1627552081721000,0,1.26760000,19.0900
1627552156051000,0,12.30000000,19.1200
1627552156051000,0,261.66096374,19.1200
1627552169484000,0,13.00000000,19.1400
1627552169484000,0,38.00000000,19.1400
1627552169621000,0,20.00000000,19.1400
1627552188149000,1,1.26760000,19.1100
1627552335769000,1,1.89210000,19.0500
1627552335958000,1,2.09240000,19.0500
1627552483117000,0,14.20640756,19.0400
1627552496494000,0,3.98450000,19.0400
1627552558166000,1,4.61000000,19.0300
1627552707901000,1,3.76200000,19.0500
1627552728471000,0,3.76200000,19.0500
1627552799287000,1,5.69086000,19.0600
1627552803732000,0,8.16414187,19.0800
1627552813521000,1,16.86000000,19.0700
1627552813617000,1,135.40000000,19.0700
1627552813620000,1,49.18681943,19.0700
1627552815273000,1,18.70987541,19.0700
1627552815321000,1,54.68500184,19.0700
1627552818359000,1,12.89820000,19.0700
1627552818444000,1,1.35010000,19.0700
1627552819014000,1,3.30129757,19.0700
1627552819032000,1,6.50770000,19.0700
1627552819055000,1,3.49890000,19.0700
1627552819083000,1,1.78380000,19.0700
1627552819095000,1,556.55913062,19.0700
1627552827833000,0,26.03870000,19.0800
1627552833909000,0,4.90300000,19.0900
1627552834802000,1,4.72000000,19.0800
1627552834843000,1,0.65800000,19.0800
1627552849188000,1,20.37230000,19.0800
1627552852090000,1,5.53700000,19.0700
1627552867702000,1,18.19010000,19.0500
1627552957698000,0,12.60000000,19.0400
1627552969733000,1,111.88000000,19.0400
1627552969770000,1,0.00649269,19.0400
1627552970004000,1,109.64876284,19.0400
1627552977620000,1,15.00000000,19.0400
1627552977798000,1,271.81000000,19.0400
1627552978036000,1,0.00195334,19.0400
1627552978036000,1,4.20034666,19.0400
1627552978058000,1,1.87260000,19.0400
1627552978536000,1,16.74606799,19.0400
1627552978633000,1,2.49310000,19.0400
1627552979839000,1,306.56000000,19.0400
1627553073359000,1,44.32384662,19.0600
1627553073359000,1,351.67615338,19.0600
1627553073444000,1,396.00000000,19.0600
1627553073572000,1,99.19683315,19.0600
1627553073593000,1,25.43083920,19.0600
1627553073633000,1,0.55739966,19.0600
1627553089467000,1,4.76800000,19.0600
1627553089479000,1,0.00003123,19.0600
1627553270902000,1,12.50000000,19.0500
1627553270902000,1,18.72878091,19.0500
1627553270902000,1,81.64637247,19.0400
1627553537670000,0,8.56790000,19.0500
1627553537739000,0,262.60138503,19.0500
1627553566910000,1,12.60000000,19.0400
1627553672519000,0,3.10000000,19.0600
1627553672590000,0,0.00622000,19.0600
1627553994708000,1,12.79999999,19.0600
1627553994710000,1,0.00000001,19.0600
1627554016588000,0,1.29360000,19.0700
1627554021970000,0,12.30000000,19.0800
1627554209322000,1,1.29360000,19.0700
1627555038598000,1,1.83610000,19.0000
1627555038819000,1,7.32270000,19.0000
1627555228155000,1,12.40000000,18.9800
1627555291753000,1,12.70000000,18.9500
1627555292473000,1,21.26231874,18.9400
1627555292473000,1,12.49998126,18.9400
1627555434980000,0,9.15880000,18.9700
1627555531994000,1,20.81239592,18.9700
1627555531994000,1,52.02791498,18.9700
1627555577236000,1,12.70000000,18.9800
1627555615679000,1,12.70000000,18.9600
1627555660070000,1,5.57231901,18.9300
1627555660215000,1,7.22768099,18.9300
1627555683301000,1,10.99188215,18.9200
1627555683347000,1,1.50811785,18.9200
1627555715551000,1,20.87677820,18.9100
1627555726683000,1,49.10904207,18.8900
1627555726683000,1,19.64095793,18.8900
1627555726695000,1,0.00777728,18.8900
1627555730446000,1,12.50000000,18.8800
1627555788810000,0,264.59425597,18.9100
1627555788810000,0,62.80634154,18.9100
1627555788810000,0,7.86823000,18.9100
1627555788810000,0,157.00257841,18.9100
1627555872141000,1,12.90000000,18.9500
1627555885242000,1,12.50000000,18.9400
1627556285732000,1,2.64603507,18.9600
1627556295109000,1,10.45390000,18.9600
1627556295135000,1,0.00006493,18.9600
1627556297126000,1,12.80000000,18.9500
1627556315459000,1,243.71000000,18.9500
1627556315531000,1,0.00744860,18.9500
1627556360545000,1,9.26800000,18.9600
1627556409388000,0,1.67122972,19.0000
1627556430154000,1,14.10000000,18.9900
1627556430154000,1,2.91319200,18.9900
1627556437621000,1,20.00000000,19.0000
1627556441540000,1,12.80000000,18.9900
1627556441841000,0,4.68700000,19.0000
1627556466013000,1,3.87000000,18.9900
1627556532496000,1,20.20923429,18.9800
1627556628439000,1,22.20000000,18.9700
1627556864606000,0,3.31900000,19.0200
1627556894386000,1,3.32999999,19.0200
1627556907802000,1,0.00000001,19.0200
1627556928314000,1,7.43006054,19.0000
1627556936892000,0,13.00000000,19.0100
1627557023491000,0,130.60525620,19.0400
1627557023684000,0,62.36523557,19.0400
1627557048920000,0,20.00000000,19.0600
1627557049130000,0,8.00000000,19.0600
1627557147609000,1,12.90000000,19.0500
1627557147737000,1,44.87323124,19.0400
1627557147737000,1,17.86445549,19.0400
1627557148290000,1,13.53933295,19.0300
1627557148313000,1,9.32440014,19.0300
1627557296569000,0,155.89774737,19.0400
1627557296569000,0,62.36225263,19.0400
1627557342708000,1,12.50000000,19.0500
1627557419072000,1,18.53950000,19.0500
1627557419230000,1,6.18730000,19.0400
1627557419643000,1,21.40000000,19.0400
1627557419665000,1,24.93974274,19.0400
1627557419665000,1,18.53956553,19.0400
1627557618919000,0,6.18730000,19.0000
1627557619213000,0,1.42980000,19.0000
1627557655410000,0,12.40000000,19.0200
1627557668688000,1,1.42980000,19.0100
1627557692324000,0,12.40000000,19.0100
1627557792684000,1,4.23199999,19.0500
1627557792687000,1,0.00000001,19.0500
1627557808801000,0,12.60000000,19.0600
1627557853761000,1,7.94000000,19.0600
1627557885482000,0,3.22500000,19.0600
1627558073818000,0,62.38000000,19.0300
1627558073866000,0,0.00040783,19.0300
1627558098294000,1,3.18400000,19.0300
1627558562040000,1,20.51838927,18.9600
1627558590680000,0,62.60730000,18.9600
1627558638260000,1,7.00000000,18.9300
1627558644961000,1,19.49606000,18.9300
1627558644968000,1,0.00000569,18.9300
1627558668554000,1,19.42136429,18.9100
1627558668686000,1,48.55358056,18.9000
1627558668932000,1,48.57361308,18.8900
1627558668932000,1,19.42135692,18.8900
1627558668978000,1,0.00000737,18.8900
1627558676659000,1,19.42136429,18.8700
1627558676659000,1,19.21157271,18.8700
1627558681749000,1,18.43770000,18.8700
1627558681981000,1,0.00009443,18.8700
1627558685791000,0,99.00000000,18.8800
1627558727559000,1,10.03457446,18.8400
1627558734282000,0,97.02000000,18.8500
1627558734309000,0,1.98000000,18.8500
1627558804333000,0,3.34246697,18.8500
1627558804341000,0,9.25753303,18.8500
1627558804564000,0,62.96231522,18.8600
1627558804564000,0,157.39419662,18.8600
1627558866801000,0,1.43180000,18.8100
1627558866858000,0,61.65899668,18.8100
1627558885556000,0,19.60000000,18.8200
1627558885707000,0,6.00000000,18.8200
1627558923641000,1,1.43180000,18.8300
1627558923786000,1,16.95188000,18.8300
1627558923998000,1,0.00000358,18.8300
1627559114930000,1,12.31522040,18.7900
1627559114934000,1,5.35346523,18.7900
1627559224108000,1,13.10000000,18.7800
1627559233205000,1,2.65740000,18.7700
1627559233494000,1,0.00003207,18.7700
1627559233494000,1,17.51189220,18.7600
1627559233494000,1,13.00000000,18.7600
1627559233494000,1,266.31997573,18.7600
1627559236469000,1,20.00000000,18.7500
1627559236469000,1,12.80000000,18.7500
1627559238456000,1,18.00000000,18.7400
1627559238456000,1,12.90000000,18.7400
1627559238456000,1,17.36597970,18.7400
1627559238456000,1,56.70436890,18.7300
1627559240702000,1,13.09999999,18.7400
1627559240703000,1,0.00000001,18.7400
1627559240739000,1,43.80632947,18.7300
1627559240739000,1,43.41124377,18.7300
1627559240739000,1,17.36801814,18.7300
1627559240923000,0,99.00000000,18.7300
1627559241253000,1,23.80640000,18.7200
1627559244244000,0,19.60000000,18.7100
1627559245262000,1,396.00000000,18.6800
1627559245265000,1,160.84603334,18.6800
1627559245265000,1,17.30500292,18.6800
1627559245265000,1,25.30000000,18.6800
1627559245265000,1,15.86345469,18.6800
1627559245265000,1,19.99990905,18.6800
1627559245500000,1,43.21719789,18.6700
1627559248374000,0,11.00000000,18.6700
1627559248409000,0,52.58970000,18.6700
1627559249023000,0,23.80640000,18.6800
1627559264751000,0,13.20000000,18.7100
1627559264751000,0,20.00000000,18.7100
1627559264751000,0,966.80000000,18.7200
1627559266511000,0,13.30000000,18.7100
1627559276810000,0,12.90000000,18.7200
1627559290924000,1,380.00000000,18.7200
1627559291005000,1,620.00000000,18.7200
1627559372947000,0,1.83500000,18.7500
1627559372961000,0,1.43400000,18.7500
1627559372998000,0,2.59270000,18.7500
1627559373007000,0,3.80810000,18.7500
1627559373112000,0,2.22140000,18.7500
1627559373234000,0,1.59020000,18.7500
1627559373346000,0,1.51860000,18.7500
1627559401039000,0,63.22950000,18.7700
1627559401079000,0,0.00007343,18.7700
1627559401079000,0,400.64447329,18.7800
1627559401079000,0,151.82862772,18.7800
1627559401079000,0,194.06120442,18.7800
1627559401079000,0,45.46562114,18.7800
1627559401272000,0,158.10094030,18.7800
1627559401272000,0,237.89905970,18.7800
1627559401296000,0,18.00000000,18.7800
1627559401345000,0,18.00000000,18.7800
1627559401421000,0,137.04461812,18.7800
1627559401565000,0,63.22014141,18.7800
1627559404758000,0,13.00000000,18.7900
1627559417457000,1,15.00000000,18.7900
1627559426493000,0,13.00000000,18.7900
1627559477256000,0,3.31000000,18.7700
1627559550005000,0,150.12394992,18.8300
1627559550660000,0,61.92590992,18.8300
1627559580931000,1,7.55940000,18.8000
1627559634203000,0,7.55940000,18.8000
1627559655735000,1,12.80000000,18.7900
1627559715079000,1,13.10000000,18.8000
1627559715079000,1,21.39054627,18.8000
1627559729569000,1,1.76630000,18.7900
1627559729576000,1,1.47140000,18.7900
1627559729583000,1,1.86100000,18.7900
1627559729590000,1,1.51040000,18.7900
1627559729591000,1,6.29090000,18.7900
1627559742472000,1,12.80000000,18.7800
1627559742472000,1,21.20116423,18.7800
1627559745796000,1,13.20000000,18.7700
1627559759122000,0,12.80000000,18.7800
1627559795783000,1,20.00000000,18.7500
1627559797171000,0,6.60910000,18.7600
1627559798492000,0,6.09090000,18.7600
1627559827030000,1,20.92901248,18.7500
1627559827075000,1,266.66185657,18.7400
1627559827075000,1,52.33615352,18.7400
1627559827075000,1,77.00198991,18.7400
1627559827140000,1,59.03949279,18.7400
1627559827697000,1,19.00000000,18.7100
1627559827731000,1,33.32119730,18.7100
1627559827731000,1,17.96524373,18.7100
1627559827734000,1,2.96309918,18.7100
1627559828111000,1,12.14930643,18.7000
1627559828127000,1,8.77903648,18.7000
1627559828127000,1,52.32119730,18.7000
1627559828127000,1,8.00000000,18.7000
1627559834441000,0,33.30000000,18.7300
1627559856382000,0,21.20000000,18.7200
1627559866224000,0,1.51420000,18.7500
1627559866290000,0,1.97160000,18.7500
1627559866317000,0,1.79850000,18.7500
1627559866455000,0,1.56680000,18.7500
1627559866468000,0,1.76970000,18.7500
1627559866479000,0,1.49150000,18.7500
1627559866531000,0,2.63890000,18.7500
1627559866576000,0,0.24880000,18.7500
1627559876579000,1,13.00000000,18.7300
1627559931080000,1,20.96984000,18.7400
1627559931137000,1,0.00000143,18.7400
1627559934271000,0,19.60000000,18.7400
1627559976368000,1,20.87300000,18.7300
1627560002519000,0,172.77000000,18.7300
1627560002519000,0,89.35138463,18.7300
1627560002718000,0,262.12000000,18.7300
1627560002784000,0,3.42350000,18.7300
1627560002800000,0,36.71786148,18.7300
1627560002801000,0,6.94315139,18.7300
1627560002819000,0,2.88690000,18.7300
1627560002870000,0,1.47830000,18.7300
1627560002870000,0,269.65808336,18.7300
1627560010020000,0,179.77043000,18.7300
1627560010079000,0,0.00000204,18.7300
1627560055866000,1,12.80000000,18.6900
1627560055866000,1,20.41916618,18.6900
1627560055956000,1,6.54975966,18.6900
1627560061616000,1,7.78870000,18.6900
1627560061776000,1,4.91130000,18.6900
1627560062094000,1,4.58100000,18.6800
1627560063813000,1,13.11864820,18.6700
1627560100882000,0,4.58100000,18.7200
1627560114848000,1,8.49070000,18.7000
1627560139449000,1,12.60000000,18.6900
1627560151187000,0,8.49070000,18.6900
1627560152233000,0,54.23852003,18.6900
1627560152233000,0,33.90147997,18.6900
1627560152444000,0,0.00270470,18.6900
1627560153567000,1,12.00000000,18.6900
1627560153733000,0,73.40000000,18.6900
1627560154435000,0,0.00796924,18.6900
1627560182021000,0,64.36000000,18.7000
1627560182067000,0,0.00846088,18.7000
1627560182292000,0,63.08109166,18.7000
1627560182298000,0,26.21402000,18.7000
1627560226952000,0,12.80000000,18.7000
1627560242224000,0,618.58000000,18.6900
1627560242309000,0,0.00558456,18.6900
1627560243110000,0,477.86000000,18.6900
1627560243194000,0,0.00006916,18.6900
1627560271353000,0,165.64000000,18.6900
1627560271491000,0,0.00303853,18.6900
1627560275550000,1,20.99448000,18.6900
1627560275552000,1,0.00000201,18.6900
1627560409221000,0,3.12300000,18.6400
1627560560451000,1,12.86200000,18.6900
1627560589633000,1,6.22000000,18.6900
1627560589637000,1,0.00900000,18.6900
1627560622675000,1,3.45000000,18.7000
1627560622719000,1,0.00700000,18.7000
1627560649794000,1,3.55000000,18.7100
1627560649796000,1,0.00300000,18.7100
1627560682306000,0,19.99999999,18.7100
1627560682309000,0,0.00000001,18.7100
1627560682309000,0,19.99999998,18.7100
1627560682310000,0,12.34992681,18.7100
1627560682533000,0,18.00000000,18.7100
1627560698751000,1,13.00000000,18.7100
1627560700048000,0,219.61000000,18.7100
1627560700061000,0,0.00675118,18.7100
1627560736396000,1,19.54490000,18.6900
1627560736526000,1,0.00008754,18.6900
1627560736526000,1,10.41233690,18.6800
1627560738679000,1,152.26400000,18.6800
1627560738827000,0,3.12800000,18.7000
1627560739191000,0,3.01000000,18.6900
1627560782960000,1,12.80000000,18.7000
1627560871825000,0,1.27850000,18.7000
1627560918997000,1,1.27850000,18.7000
1627560919056000,1,11.32150000,18.7000
1627560919056000,1,19.46790000,18.7000
1627560919229000,1,0.00000234,18.7000
1627561010786000,1,3.16000000,18.7000
1627561010805000,1,0.00800000,18.7000
1627561070928000,1,3.35899999,18.7200
1627561070929000,1,0.00000001,18.7200
1627561321863000,1,3.29000000,18.7300
1627561344223000,0,2.65616657,18.7300
1627561445403000,0,12.50000000,18.7500
1627561481209000,1,99.00000000,18.7300
1627561481209000,1,9.79179646,18.7300
1627561518734000,1,17.74900000,18.7100
1627561519738000,1,17.74900000,18.7000
1627561604748000,0,12.70000000,18.7700
1627561698970000,1,1.15649452,18.7900
1627561715289000,0,13.00000000,18.8100
1627561858821000,1,2.25400000,18.8600
1627561859575000,1,3.96000000,18.8600
1627561859575000,1,0.00900000,18.8600
1627561885483000,1,3.87000000,18.8600
1627561893606000,0,3.87000000,18.8600
1627561908610000,1,16.14000000,18.8400
1627561908664000,1,0.00271843,18.8400
1627562007534000,0,12.80000000,18.8000
1627562190008000,1,12.60000000,18.7500
1627562233583000,1,20.00000000,18.7400
1627562241092000,1,18.00000000,18.7400
1627562344439000,1,16.18365685,18.7200
1627562351342000,0,12.80000000,18.7200
1627562351342000,0,63.44221000,18.7200
1627562393049000,0,15.50280000,18.7300
1627562393050000,0,1.37490000,18.7300
1627562393074000,0,1.92970000,18.7300
1627562393097000,0,7.40110000,18.7300
1627562393101000,0,5.50900000,18.7300
1627562427012000,0,63.30000000,18.7600
1627562427026000,0,0.00261168,18.7600
1627562841389000,1,31.71750000,18.8200
1627562842770000,1,218.28000000,18.8200
1627562842799000,1,0.00250000,18.8200
1627563099546000,1,13.10000000,18.7900
1627563258410000,0,12.70000000,18.7900
1627563483705000,0,63.14000000,18.8100
1627563600385000,1,12.60000000,18.8200
1627563613868000,1,63.69080799,18.7900
1627563613873000,1,24.27161783,18.7900
1627563613923000,1,10.11364797,18.7900
1627563613945000,1,13.85240000,18.7900
1627563613945000,1,2.46480000,18.7900
1627563613966000,1,3.75560000,18.7900
1627563613970000,1,65.00000000,18.7900
1627563613971000,1,2.25280000,18.7900
1627563613974000,1,237.15000000,18.7900
1627563613986000,1,11.44832621,18.7900
1627563626386000,1,13.20000000,18.7700
1627563743940000,0,15.90000000,18.7700
1627563743940000,0,266.53170000,18.7700
1627563743992000,0,20.00000000,18.7700
1627563773758000,0,2.32560000,18.7800
1627564350381000,0,4.91590000,18.9200
1627564350408000,0,3.34330000,18.9200
1627564350452000,0,1.99730000,18.9200
1627564385732000,0,13.21311000,18.9200
1627564385864000,0,0.00000423,18.9200
1627564387024000,0,2.65740000,18.9400
1627564422595000,1,14.14133706,18.9500
1627564504616000,1,13.17870321,18.9700
1627564522794000,1,10.44800000,18.9800
1627564529963000,1,10.25650000,18.9700
1627564529977000,1,1.31150000,18.9700
1627564530613000,1,12.68700000,18.9600
1627564530613000,1,21.64424415,18.9600
1627564535151000,1,21.46770000,18.9500
1627564545511000,0,12.60000000,18.9700
1627564554461000,1,75.00000000,18.9700
1627564554573000,1,29.03940000,18.9700
1627564554593000,1,0.00003068,18.9700
1627564597592000,0,18.00000000,19.0000
1627564597699000,0,18.00000000,19.0000
1627564725602000,0,12.80000000,18.9700
1627564750418000,0,13.15778312,18.9700
1627564750418000,0,12.49991688,18.9700
1627564750515000,0,0.00008312,18.9700
1627564821467000,0,12.90000000,18.9900
1627564822051000,0,12.70000000,19.0000
1627564931726000,1,3.07000000,19.0100
1627564931752000,1,0.00500000,19.0100
1627565009905000,1,1.61780000,18.9900
1627565009916000,1,1.42200000,18.9900
1627565174300000,0,3.03980000,19.0000
1627565223090000,1,20.00000000,19.0100
1627565223388000,1,20.00000000,19.0100
1627565223711000,1,16.00000000,19.0100
1627565701960000,0,62.42361477,19.0300
1627565718218000,0,51.94000000,19.0400
1627565718252000,0,0.00852940,19.0400
1627565749910000,0,20.00000000,19.0400
1627565750070000,0,18.00000000,19.0400
1627565845605000,0,12.40000000,19.0200
1627565880807000,1,20.00000000,18.9900
1627565892397000,1,48.28404872,18.9700
1627565892397000,1,19.31782990,18.9700
1627566061675000,0,14.50000000,18.9700
1627566245243000,0,13.10000000,18.9500
1627566245243000,0,62.68950000,18.9500
1627566245469000,0,0.00009057,18.9500
1627566289833000,0,12.80000000,18.9800
1627566377724000,0,12.40000000,19.0000
1627566378058000,0,62.49539905,19.0100
1627566378058000,0,12.50000000,19.0100
1627566382073000,1,12.80000000,19.0100
1627566403629000,1,3.58300000,19.0000
1627566414334000,0,3.58300000,19.0000
1627566594790000,0,62.61618192,18.9700
1627566594790000,0,13.09999808,18.9700
1627566635488000,1,18.00000000,18.9600
1627566667964000,1,13.00000000,18.9500
1627566866999000,1,18.88990000,18.9600
1627566914044000,0,11.00000000,18.9600
1627567035602000,1,3.43900000,18.9700
1627567154473000,1,18.77530000,18.9900
1627567154486000,1,0.00007777,18.9900
1627567210871000,0,19.60000000,19.0200
1627567225853000,0,18.00000000,19.0300
1627567347427000,0,12.70000000,19.0100
1627567712431000,0,12.90000000,19.0500
1627567724136000,1,4.75200000,19.0500
1627567736115000,0,4.75200000,19.0500
1627567781173000,0,7.64800000,19.0500
1627567864758000,1,5.58900000,19.0400
1627567926067000,1,3.62900000,19.0400
1627568128269000,0,12.80000000,19.0300
1627568196518000,1,3.55500000,19.0300
1627568197231000,1,3.88100000,19.0200
1627568294214000,1,16.66898714,18.9400
1627568294214000,1,0.98818578,18.9400
1627568294215000,1,18.68767105,18.9400
1627568294218000,1,0.32414317,18.9400
1627568307162000,1,16.60933536,18.9100
1627568316024000,0,11.00000000,18.9000
1627568365927000,1,12.59999999,18.8900
1627568365928000,1,0.00000001,18.8900
1627568366065000,1,26.92919035,18.8800
1627568366076000,1,3.02713166,18.8800
1627568366084000,1,77.58517380,18.8800
1627568366084000,1,10.12367405,18.8800
1627568366111000,1,1.65690000,18.8800
1627568366117000,1,29.58553630,18.8800
1627568366117000,1,16.55415140,18.8800
1627568366162000,1,3.14030000,18.8700
1627568366168000,1,4.37780000,18.8700
1627568366215000,1,3.34620000,18.8700
1627568366300000,1,16.55415140,18.8700
1627568366300000,1,41.39906533,18.8700
1627568366300000,1,69.13244455,18.8700
1627568436572000,1,13.10000000,18.7900
1627568461263000,1,15.61005128,18.7500
1627568470216000,0,63.33727702,18.7600
1627568470216000,0,33.51272298,18.7600
1627568470218000,0,124.86509665,18.7600
1627568530602000,0,12.52120000,18.7800
1627568552934000,0,13.20000000,18.7900
1627568567453000,1,16.08290000,18.8100
1627568658102000,1,13.09999999,18.8300
1627568658129000,1,0.00000001,18.8300
1627568970013000,0,6.48090000,18.9000
1627568970367000,0,0.00001000,18.9000
1627568970367000,0,12.70000000,18.9100
1627568970367000,0,157.11725128,18.9100
1627568970367000,0,62.84356844,18.9100
1627569005173000,0,12.90000000,18.9000
1627569007219000,0,13.10000000,18.9100
1627569013868000,0,62.83050000,18.9200
1627569015550000,0,4.86000000,18.9200
1627569015562000,0,0.00068300,18.9200
1627569018063000,0,3.64000000,18.9300
1627569018106000,0,0.00551200,18.9300
1627569020741000,0,2.73000000,18.9400
1627569020814000,0,0.00413400,18.9400
1627569021947000,0,1.25770000,18.9500
1627569022081000,0,0.79290000,18.9500
1627569024034000,0,1.53790000,18.9500
1627569028679000,0,0.00005000,18.9500
1627569036073000,1,1.25770000,18.9500
1627569073708000,0,62.65462816,18.9700
1627569088505000,0,62.55366242,19.0000
1627569088505000,0,4.42002449,19.0000
1627569088508000,0,15.57997551,19.0000
1627569088585000,0,3.40130000,19.0100
1627569088585000,0,10.38900000,19.0100
1627569088618000,0,2.57740000,19.0100
1627569088618000,0,1.48430000,19.0100
1627569088619000,0,16.25260000,19.0100
1627569088675000,0,386.24731000,19.0100
1627569088675000,0,9.75269000,19.0100
1627569088687000,0,1.34830000,19.0100
1627569088693000,0,10.04960000,19.0100
1627569088699000,0,135.18252472,19.0100
1627569088708000,0,5.87250000,19.0200
1627569088717000,0,5.16210000,19.0200
1627569088721000,0,1.46650000,19.0200
1627569088756000,0,62.50885885,19.0100
1627569088841000,0,15.57990000,19.0200
1627569088946000,0,14.75880000,19.0200
1627569133605000,1,12.50000000,19.0000
1627569266920000,1,60.26240000,18.9100
1627569267037000,1,1.31630000,18.9100
1627569267070000,1,1.35330000,18.9100
1627569269604000,1,3.52020000,18.9000
1627569269627000,1,1.45990000,18.9000
1627569269638000,1,2.13310000,18.9000
1627569269669000,1,2.72130000,18.9000
1627569269674000,1,10.84030000,18.9000
1627569269730000,1,0.00009556,18.9000
1627569280098000,1,1.73740000,18.8500
1627569280117000,1,3.06360000,18.8500
1627569280129000,1,3.44030000,18.8500
1627569283158000,1,1.46010000,18.8400
1627569283175000,1,1.34170000,18.8400
1627569283179000,1,1.97140000,18.8400
1627569283209000,1,1.41530000,18.8400
1627569283223000,1,3.07400000,18.8400
1627569324030000,0,12.50000000,18.8600
1627569406236000,0,13.20000000,18.8600
1627569472186000,0,12.70000000,18.9100
1627569495919000,0,4.10790000,18.9200
1627569496074000,0,8.89210000,18.9200
1627569561331000,1,19.85000000,18.9300
1627569561345000,1,0.00633521,18.9300
1627569579422000,0,264.41232577,18.9300
1627569579422000,0,62.80067687,18.9300
1627569627796000,0,51.52296985,18.9600
1627569627797000,0,40.37650692,18.9600
1627569627799000,0,118.00917246,18.9600
1627569627801000,0,27.77676550,18.9600
1627569651076000,0,12.70000000,19.0100
1627569672673000,0,13.00000000,19.0000
1627569683352000,0,102.93520283,19.0300
1627569683355000,0,111.34797710,19.0300
1627569683390000,0,21.87451375,19.0300
1627569683401000,0,0.52596324,19.0300
1627569683469000,0,3.32730000,19.0400
1627569683484000,0,4.44700000,19.0400
1627569683535000,0,5.94090000,19.0400
1627569683540000,0,8.05960000,19.0400
1627569683622000,0,15.44768467,19.0400
1627569683646000,0,23.50720000,19.0400
1627569728862000,1,19.84440000,19.0500
1627569729008000,1,0.00007809,19.0500
1627569730492000,1,19.61444864,19.0400
1627569730538000,1,396.00000000,19.0400
1627569730593000,1,40.38555136,19.0400
1627569734223000,1,15.76950000,19.0300
1627569734260000,1,3.93390000,19.0300
1627569734271000,1,0.06302905,19.0300
1627569761845000,0,17.80589682,19.0700
1627569761845000,0,32.73061359,19.0700
1627569761845000,0,32.72997629,19.0700
1627569761861000,0,28.93317516,19.0700
1627569762481000,0,17.77300000,19.0900
1627569762485000,0,40.52260000,19.0900
1627569764412000,1,21.79137252,19.0700
1627569764412000,1,54.47872748,19.0700
1627569776384000,1,12.30000000,19.0700
1627569779423000,1,7.07201061,19.0600
1627569801239000,1,21.29822000,19.0900
1627569849024000,0,13.00000000,19.0500
1627569859436000,0,12.90000000,19.0600
1627569887438000,0,12.90000000,19.0500
1627569983805000,0,13.00000000,19.0400
1627570049221000,1,20.09998215,19.0400
1627570049221000,1,19.99999999,19.0400
1627570193807000,0,12.40000000,19.0300
1627570251591000,0,12.50000000,19.0400
1627570253264000,0,12.80000000,19.0500
1627570268080000,1,19.68804576,19.0500
1627570268080000,1,13.45431806,19.0500
1627570268082000,1,24.83036883,19.0500
1627570268242000,1,10.92013000,19.0500
1627570268267000,1,0.00000207,19.0500
1627570280353000,0,13.00000000,19.0400
1627570336474000,1,18.98000000,19.0300
1627570400898000,1,18.89313220,19.0300
1627570459366000,1,12.70000000,19.0200
1627570474818000,1,3.42000000,19.0200
1627570511869000,0,23.14740000,19.0400
1627570607455000,1,12.40000000,19.0400
1627570607455000,1,19.92550000,19.0400
1627570692368000,1,19.82380000,19.0500
1627570782201000,0,13.00000000,19.0500
1627570800591000,0,50.00000000,19.0600
1627570800647000,0,12.35060561,19.0600
1627570800647000,0,15.80505135,19.0600
1627570800669000,0,140.05837727,19.0600
1627570806783000,1,3.05500000,19.0700
1627570920389000,1,20.76170000,19.0300
1627570940668000,1,12.80000000,19.0100
1627570965717000,0,3.05500000,19.0400
1627571208719000,0,150.00000000,19.0900
1627571208785000,0,166.27372000,19.0900
1627571208845000,0,77.39103190,19.0900
1627571208845000,0,145.54052519,19.0900
1627571208845000,0,32.06844291,19.0900
1627571278441000,1,20.60100000,19.0900
1627571329399000,1,20.48930000,19.1000
1627571358679000,0,71.00000000,19.1200
1627571364177000,1,3.87100000,19.1200
1627571365197000,1,9.02900000,19.1200
1627571383991000,1,3.34400000,19.1200
1627571404471000,0,12.90000000,19.1500
1627571404647000,0,12.90000000,19.1500
1627571492079000,0,12.80000000,19.1500
1627571520104000,0,12.60000000,19.1300
1627571554854000,1,12.90000000,19.1100
1627571628010000,0,12.50000000,19.1000
1627571665559000,1,20.41220000,19.0700
1627571665634000,1,0.00008971,19.0700
1627571666314000,1,7.29210636,19.0600
1627571674167000,0,11.82186500,19.0800
1627571688973000,1,20.32980000,19.0500
1627571704933000,1,12.40000000,19.0500
1627571706312000,1,12.70000000,19.0400
1627571707708000,1,12.50000000,19.0300
1627571715602000,1,12.60000000,19.0200
1627571737348000,1,20.00000000,19.0000
1627571737348000,1,5.46504237,18.9900
1627571750345000,1,12.40000000,19.0000
1627571752268000,1,20.19210000,18.9900
1627571758396000,1,20.08170000,19.0000
1627571763777000,0,12.40000000,19.0000
1627571778418000,0,13.10000000,19.0200
1627571853724000,0,20.00000000,19.0700
1627571903980000,0,4.10892900,19.1100
1627571905591000,0,2.01337570,19.1200
1627571905621000,0,0.04108930,19.1200
1627571912976000,0,1.54080000,19.1300
1627571973158000,1,20.00000000,19.0800
1627572096392000,1,12.60000000,19.1000
1627572508203000,0,12.60000000,19.1000
1627572575526000,0,2.61067503,19.1100
1627572625139000,0,12.60000000,19.1100
1627572650228000,0,12.60000000,19.1000
1627572694528000,0,20.00000000,19.0900
1627572794337000,1,12.70000000,19.0800
1627572885990000,1,12.40000000,19.1000
1627572896092000,1,12.40000000,19.0600
1627572950352000,1,19.74191558,19.0400
1627572990473000,1,12.80000000,19.0300
1627573001349000,1,12.40000000,19.0200
1627573001349000,1,19.66281973,19.0200
1627573001349000,1,74.06643197,19.0100
1627573069257000,1,12.60000000,19.0200
1627573363135000,1,19.81789427,19.0400
1627573363135000,1,15.67210573,19.0400
1627573363137000,1,33.87284229,19.0400
1627573448216000,1,12.69999999,19.0000
1627573448219000,1,0.00000001,19.0000
1627573514511000,0,12.90000000,19.0000
1627573575995000,1,12.99000000,19.0300
1627573586142000,1,13.10000000,19.0200
1627573586142000,1,9.71400000,19.0200
1627573593783000,1,10.95000000,19.0100
1627573593805000,1,0.00700000,19.0100
1627573700665000,0,13.00000000,19.0400
1627573704199000,0,12.30000000,19.0500
1627573705999000,1,10.00000000,19.0400
1627573747575000,0,13.00000000,19.0200
1627573748830000,0,62.46412863,19.0300
1627573748830000,0,12.99999137,19.0300
1627573826885000,0,12.90000000,19.0300
1627573836895000,0,12.80000000,19.0400
1627573844554000,0,12.60000000,19.0500
1627573847603000,1,20.18484000,19.0500
1627573954961000,0,1.99320000,19.0500
1627573954966000,0,1.31140000,19.0500
1627573954983000,0,1.44690000,19.0500
1627574161132000,1,4.75150000,19.0500
1627574161375000,1,17.76011053,19.0500
1627574161398000,1,2.32170708,19.0500
1627574161398000,1,50.19740919,19.0500
1627574303780000,1,3.85000000,19.0400
1627574303895000,1,0.00100000,19.0400
1627574325773000,1,4.09500000,19.0300
1627574403336000,1,99.00000000,19.0300
1627574403336000,1,19.74890482,19.0300
1627574403336000,1,49.36676191,19.0300
1627574403336000,1,262.54751266,19.0300
1627574417085000,1,51.60000000,19.0200
1627574417085000,1,20.10639594,19.0200
1627574528498000,1,1.97950000,19.0200
1627574528547000,1,1.84970000,19.0200
1627574542046000,0,3.82920000,19.0400
1627574542097000,0,258.95089318,19.0400
1627574542097000,0,52.71533613,19.0400
1627574542633000,0,396.00000000,19.0500
1627574543451000,0,102.00000000,19.0500
1627574543451000,0,24.80000000,19.0500
1627574545225000,0,2.11620000,19.0700
1627574545265000,0,2.18630000,19.0700
1627574545329000,0,2.21640000,19.0700
1627574545430000,0,6.08110000,19.0700
1627574560403000,1,12.60000000,19.0800
1627574585783000,1,12.80000000,19.0500
1627574586354000,1,12.60000000,19.0400
1627574592911000,0,12.40000000,19.0300
1627574601700000,1,127.82711619,19.0000
1627574601700000,1,268.17288381,19.0000
1627574601734000,1,31.82710000,19.0000
1627574601771000,1,0.00001619,19.0000
1627574606558000,0,5.57742100,18.9800
1627574606818000,1,13.00000000,18.9700
1627574627733000,1,4.40070000,18.9400
1627574630049000,1,2.40630000,18.9500
1627574630185000,1,0.00008700,18.9500
1627574647553000,1,13.00000000,18.9500
1627574670211000,0,9.27000000,19.0000
1627574670240000,0,434.73000000,19.0000
1627574686007000,0,12.90000000,19.0100
1627574714220000,0,8.30340000,19.0300
1627574714233000,0,2.46490000,19.0300
1627574753639000,0,11.76000000,19.0400
1627574774784000,1,12.30000000,19.0400
1627574815546000,0,12.40000000,19.0400
1627574819423000,1,12.90000000,19.0500
1627574955133000,1,10.76830000,19.0400
1627575069365000,0,32.19093313,19.0100
1627575069366000,0,12.68540914,19.0100
1627575069409000,0,46.11000000,19.0100
1627575138269000,0,12.50000000,18.9800
1627575515382000,0,18.68050000,19.0500
1627575621747000,0,4.25000000,19.0800
1627575621776000,0,0.00177500,19.0800
1627575661721000,0,2.39160000,19.0900
1627575661859000,0,0.00002400,19.0900
1627575662935000,0,1.75784364,19.1000
1627575708020000,1,18.68050000,19.0700
1627575887262000,0,12.50000000,19.0400
1627575990387000,0,12.59999999,19.0100
1627576169342000,1,4.37200000,19.0400
1627576198479000,0,3.31200000,19.0400
1627576359726000,0,5.96920000,19.0200
1627576359739000,0,1.57120000,19.0200
1627576359781000,0,1.89500000,19.0200
1627576359802000,0,3.03700000,19.0200
1627576436953000,1,2.03463584,19.0200
1627576439226000,1,1.18713688,19.0200
1627576504655000,0,194.43062000,19.0300
1627576528019000,1,3.73700000,19.0200
1627576534212000,1,3.46100000,19.0100
1627576854363000,1,5.27440000,18.9900
1627576854947000,1,1.89836660,18.9900
1627576876460000,1,12.60000000,18.9700
1627576885648000,1,12.50000000,18.9600
1627576979798000,1,3.26000000,19.0000
1627576979838000,1,0.00300000,19.0000
1627577182183000,1,12.40000000,18.9900
1627577415262000,0,62.70416121,18.9400
1627577415262000,0,157.29583879,18.9400
1627577534330000,0,16.00000000,18.9700
1627577640726000,1,3.17600000,18.9900
1627577641088000,1,3.04500000,18.9800
1627577750229000,1,12.70000000,18.9300
1627577830031000,1,12.60000000,18.9500
1627577907875000,0,12.90000000,18.9600
1627578003615000,1,12.70000000,18.9600
1627578532161000,0,62.73113921,18.9400
1627578532162000,0,0.00000001,18.9400
1627579010962000,1,4.02800000,18.9800
1627579011682000,1,7.91530000,18.9700
1627579011699000,1,1.85660000,18.9700
1627579011704000,1,1.62150000,18.9700
1627579011735000,1,5.77178139,18.9700
1627579011735000,1,4.56591861,18.9700
1627579011751000,1,0.00008139,18.9700
1627579329381000,0,11.39340000,18.9600
1627579332457000,0,155.67000000,18.9600
1627579332570000,0,455.06134437,18.9600
1627579367309000,0,11.00000000,18.9800
1627579390904000,0,3.29500000,18.9800
1627579625300000,1,3.06000000,18.9600
1627579792051000,0,12.79999999,18.9600
1627579792052000,0,0.00000001,18.9600
1627579792151000,0,263.72543389,18.9700
1627579792151000,0,132.27456611,18.9700
1627579792153000,0,7.58018878,18.9700
1627579792157000,0,16.82024521,18.9700
1627579792157000,0,62.68387939,18.9700
1627579792207000,0,46.98800000,18.9800
1627579792210000,0,1.86070000,18.9800
1627579792210000,0,12.68360000,18.9800
1627579792242000,0,79.13000000,18.9800
1627579792281000,0,12.57370000,18.9800
1627579792283000,0,2.64610000,18.9800
1627579792290000,0,1.33720000,18.9800
1627579792315000,0,390.84085723,18.9800
1627579792467000,1,99.00000000,18.9800
1627579792498000,0,57.68066551,18.9800
1627579792498000,0,35.71521955,18.9800
1627579792509000,0,26.95902589,18.9800
1627579792862000,1,176.85700000,18.9900
1627579792890000,0,51.95000000,18.9900
1627579792950000,0,12.50000000,18.9900
1627579792963000,0,53.58391856,18.9900
1627579792972000,0,3.61520000,19.0100
1627579793701000,0,8.85630000,19.0500
1627579858956000,0,5.66521536,19.0500
1627579965281000,0,12.89999999,19.0300
1627580033612000,1,22.83599296,19.0400
1627580154617000,1,112.45250000,19.0300
1627580224069000,1,101.42000000,19.0100
1627580224087000,1,96.16594588,19.0100
1627580305648000,0,12.89999999,19.0000
1627580320768000,0,12.50000000,19.0100
1627580388365000,1,2.16640000,18.9700
1627580388371000,1,2.10050000,18.9700
1627580388391000,1,2.80060000,18.9700
1627580388397000,1,1.74540000,18.9700
1627580388411000,1,1.80350000,18.9700
1627580388415000,1,4.41330000,18.9700
1627580388430000,1,2.07380000,18.9700
1627580388462000,1,1.82830000,18.9700
1627580388475000,1,3.52414511,18.9700
1627580388648000,1,5.35000000,18.9700
1627580388681000,1,5.35000000,18.9700
1627580388716000,1,31.12870000,18.9700
1627580388772000,1,1.44660000,18.9700
1627580388846000,1,13.03748637,18.9700
1627580493010000,0,13.00000000,18.9700
1627580531852000,0,12.50000000,18.9800
1627580716472000,0,12.90000000,18.9700
1627581005301000,0,12.70000000,19.0000
1627581066589000,1,21.89863584,18.9900
1627581066589000,1,54.72906416,18.9900
1627581069930000,1,3.25200000,19.0000
1627581087977000,0,16.43120000,19.0000
1627581115407000,0,1.46560000,19.0300
1627581115420000,0,1.29390000,19.0300
1627581115432000,0,1.56680000,19.0300
1627581115551000,0,8.26090000,19.0300
1627581115557000,0,1.51120000,19.0300
1627581165783000,0,1.66110000,19.0300
1627581375628000,1,21.48200000,18.9900
1627581375678000,1,0.00001541,18.9900
1627581391290000,1,20.00000000,18.9800
1627581409610000,0,4.24050000,18.9800
1627581409637000,0,8.65950000,18.9800
1627581430611000,1,13.10000000,18.9700
1627581480573000,1,12.90000000,18.9600
1627581493466000,1,12.50000000,18.9500
1627581493466000,1,18.00000000,18.9500
1627581493466000,1,21.42620000,18.9500
1627581493645000,1,0.00008919,18.9500
1627581533776000,1,21.34122646,18.9300
1627581533776000,1,263.94570424,18.9300
1627581533776000,1,12.59996930,18.9300
1627581589546000,0,12.80000000,18.9400
1627581675004000,1,4.43000000,18.9200
1627581675081000,1,0.00400000,18.9200
1627581726308000,1,13.00000000,18.9300
1627581726308000,1,21.23340127,18.9300
1627581726346000,1,0.00000001,18.9300
1627581809751000,1,3.05400000,18.9200
1627582037721000,0,152.36531284,18.9900
1627582037721000,0,194.93763927,18.9900
1627582037721000,0,12.80000000,18.9900
1627582037721000,0,20.00000000,18.9900
1627582037721000,0,48.76329328,18.9900
1627582046005000,1,20.61128036,18.9700
1627582046005000,1,51.51709952,18.9700
1627582051449000,0,99.00000000,18.9600
1627582051449000,0,18.00000000,18.9600
1627582051449000,0,97.65919873,18.9700
1627582061326000,0,50.00000000,18.9800
1627582086809000,1,49.51800000,18.9500
1627582137900000,1,1.53780000,18.9600
1627582276151000,0,84.23827095,18.9500
1627582336434000,0,1.53780000,18.9400
1627582353489000,0,13.10000000,18.9500
1627582520577000,1,20.00000000,18.9300
1627582549475000,1,147.73858258,18.9200
1627582549475000,1,197.88141742,18.9200
1627582634776000,0,12.50000000,18.9200
1627582927055000,1,18.00000000,18.8900
1627582927161000,1,17.64000000,18.8900
1627582993083000,1,5.12901077,18.9000
1627582993160000,1,7.27090000,18.9000
1627582993172000,1,0.00008923,18.9000
1627583084688000,1,19.95007154,18.8600
1627583084688000,1,152.10542213,18.8600
1627583084688000,1,17.90000000,18.8600
1627583084688000,1,206.04450633,18.8600
1627583084733000,1,58.83820000,18.8600
1627583089652000,0,28.55850000,18.8600
1627583089715000,0,9.25060000,18.8600
1627583089749000,0,25.22085952,18.8600
1627583089749000,0,13.10000000,18.8600
1627583094845000,1,12.90000000,18.8400
1627583183029000,1,8.52000000,18.8800
1627583183149000,1,0.00500000,18.8800
1627583195088000,1,9.87600000,18.8700
1627583220874000,1,24.90910000,18.8600
1627583288914000,0,1.91790000,18.8500
1627583331464000,1,12.70000000,18.8500
1627583331795000,1,1.91790000,18.8400
1627583331962000,1,18.99140000,18.8400
1627583332965000,1,12.80000000,18.8300
1627583350490000,1,18.91485805,18.8400
1627583350727000,1,12.62283917,18.8300
1627583350793000,1,55.52600000,18.8300
1627583350820000,1,12.90000000,18.8300
1627583350820000,1,18.91485805,18.8300
1627583351058000,0,20.00000000,18.8300
1627583351222000,1,27.30772337,18.8300
1627583351355000,1,122.98000000,18.8200
1627583355106000,1,120.09883743,18.7900
1627583355106000,1,46.19045443,18.7900
1627583355106000,1,18.48008562,18.7900
1627583355106000,1,2.00000000,18.7900
1627583355272000,1,2.00000000,18.7800
1627583355601000,1,118.23650000,18.7800
1627583355692000,1,0.00000899,18.7800
1627583355692000,1,18.18964101,18.7800
1627583355716000,1,0.00001065,18.7800
1627583355716000,1,9.89948935,18.7800
1627583355718000,1,35.57467553,18.7800
1627583356037000,1,548.93000000,18.7700
1627583356322000,1,0.00027735,18.7700
1627583356322000,1,45.47416488,18.7500
1627583356322000,1,18.18965166,18.7500
1627583356322000,1,22.52290611,18.7400
1627583356362000,0,99.00000000,18.7800
1627583356362000,0,20.00000000,18.7800
1627583357967000,1,99.00000000,18.7500
1627583359294000,1,18.00000000,18.7500
1627583359365000,0,12.60000000,18.7500
1627583359386000,0,570.00000000,18.7500
1627583360681000,1,14.46791000,18.7500
1627583360681000,1,99.00000000,18.7500
1627583360681000,1,12.90000000,18.7500
1627583362032000,1,16.45992136,18.7500
1627583362128000,0,99.00000000,18.7500
1627583363341000,1,99.00000000,18.7500
1627583370595000,0,7.94040000,18.7700
1627583372301000,0,4.85900000,18.7800
1627583414491000,0,13.20000000,18.7700
1627583443225000,1,25.00000000,18.7500
1627583463384000,0,12.70000000,18.7700
1627583502315000,1,12.80000000,18.7900
1627583520944000,0,11.89940000,18.7700
1627583520978000,0,1.47430000,18.7700
1627583521000000,0,1.82440000,18.7700
1627583521023000,0,1.30160000,18.7700
1627583521045000,0,1.78040000,18.7700
1627583521073000,0,6.93570000,18.7700
1627583521085000,0,2.85380000,18.7700
1627583521086000,0,2.66960000,18.7700
1627583521103000,0,1.84660000,18.7700
1627583521104000,0,30.75587512,18.7700
1627583521471000,0,30.08590000,18.7800
1627583561979000,1,12.89999999,18.7600
1627583562043000,1,0.00000001,18.7600
1627583597500000,1,50.77230000,18.7400
1627583650385000,0,1.49420000,18.7500
1627583650389000,0,1.36350000,18.7500
1627583650404000,0,60.53567469,18.7500
1627583650404000,0,13.19992531,18.7500
1627583728012000,1,12.60000000,18.7600
1627583776850000,0,2.08630000,18.7700
1627583806131000,1,3.21800000,18.7600
1627583810694000,1,3.22799999,18.7600
1627583810699000,1,0.00000001,18.7600
1627583818014000,1,3.19000000,18.7500
1627583818054000,1,0.00900000,18.7500
1627583827455000,0,63.35910768,18.7600
1627583827455000,0,16.88368136,18.7600
1627583827455000,0,158.43141096,18.7600
1627583968153000,0,52.73000000,18.7700
1627584006529000,1,1.72600000,18.7700
1627584138401000,1,13.10000000,18.7500
1627584182606000,1,6.25000000,18.7300
1627584347785000,0,3.10600000,18.7300
1627584428529000,0,15.80000000,18.7500
1627584737831000,0,8.16000000,18.7400
1627584778520000,0,0.00300000,18.7400
1627584779356000,0,7.11000000,18.7500
1627585121551000,0,63.38133676,18.7600
1627585121551000,0,99.00000000,18.7600
1627585121551000,0,18.30000000,18.7600
1627585121551000,0,3.42600000,18.7600
1627585121619000,1,33.13253000,18.7600
1627585121757000,1,0.00000530,18.7600
1627585121812000,0,5.02424080,18.7600
1627585140051000,0,14.20000000,18.7500
1627585158511000,0,93.97575390,18.7600
1627585158511000,0,155.41419849,18.7600
1627585158511000,0,99.15584100,18.7600
1627585384081000,0,1.26990000,18.7600
1627585384133000,0,1.71380000,18.7600
1627585384181000,0,3.13020000,18.7600
1627585507024000,1,6.11390000,18.7400
1627585743472000,1,3.22000000,18.7400
1627585919437000,0,13.50000000,18.7800
1627585919724000,0,2.25400000,18.7900
1627585919724000,0,4.52230000,18.7900
1627585919740000,0,1.42650000,18.7900
1627585919742000,0,1.65390000,18.7900
1627585919762000,0,1.59400000,18.7900
1627585919768000,0,2.13780000,18.7900
1627585919780000,0,2.38870000,18.7900
