timestamp ms,type,amount,price
1627690727059000,1,195.33750000,0.00003712
1627690729487000,1,195.33750000,0.00003713
1627690735862000,1,26.93239969,0.00003713
1627690739711000,1,195.33750000,0.00003714
1627690808153000,1,11.83460032,0.00003718
1627692465012000,1,50.62563689,0.00003729
1627692922355000,1,195.33750000,0.00003768
1627692922971000,1,26.53927814,0.00003768
1627692923751000,1,26.53927814,0.00003768
1627692925227000,1,26.53927814,0.00003768
1627692973896000,1,26.31316558,0.00003775
1627719213492000,1,26.16431189,0.00003822
1627719215803000,1,26.15746797,0.00003823
1627719216543000,1,26.15062763,0.00003824
1627719217496000,1,22.24784239,0.00003824
1627719217496000,1,3.90278524,0.00003824
1627719218506000,1,26.15062763,0.00003824
1627719219325000,1,22.83942387,0.00003824
1627719219325000,1,3.31120376,0.00003824
1627719220130000,1,25.48446531,0.00003824
1627719221617000,1,26.15746797,0.00003823
1627719222551000,1,26.15746797,0.00003823
1627719223348000,1,26.15746797,0.00003823
1627719224774000,1,26.15746797,0.00003823
1627719225655000,1,26.15746797,0.00003823
1627719227823000,1,26.15746797,0.00003823
1627719228514000,1,26.15746797,0.00003823
1627719229487000,1,26.15746797,0.00003823
1627719230352000,1,26.15746797,0.00003823
1627719231121000,1,26.15746797,0.00003823
1627719231908000,1,26.15746797,0.00003823
1627724052588000,1,25.97402598,0.00003850
1627724053323000,1,25.97402598,0.00003850
1627724055419000,1,25.97402598,0.00003850
1627724056344000,1,25.97402598,0.00003850
1627724058301000,1,25.97402598,0.00003850
1627724059122000,1,25.97402598,0.00003850
1627724059884000,1,25.97402598,0.00003850
1627724060711000,1,25.97402598,0.00003850
1627724061514000,1,25.97402598,0.00003850
1627724062301000,1,25.97402598,0.00003850
1627724063186000,1,25.97402598,0.00003850
1627724063934000,1,25.97402598,0.00003851
1627724066567000,1,25.96053999,0.00003852
1627724068734000,1,25.94706799,0.00003855
1627724279343000,1,16.23705619,0.00003880
1627724477742000,1,25.73340197,0.00003886
1627724478564000,1,25.73340197,0.00003886
1627724546785000,1,20.11036961,0.00003893
1627732360856000,0,50.62563689,0.00003837
1627760719851000,1,77.45371095,0.00003860
1627760719851000,1,50.13215859,0.00003859
1627760719851000,1,81.13542459,0.00003858
1627760719851000,1,311.27870587,0.00003857
1627763232323000,0,50.13215859,0.00003870
1627763232323000,0,549.06036141,0.00003872
1627765128281000,1,600.84295000,0.00003847
1627765128281000,1,723.09767097,0.00003845
1627772791160000,0,14.92000000,0.00003908
1627772791753000,1,23.73743950,0.00003909
1627772793098000,1,10.77643105,0.00003909
1627772914889000,1,25.57544758,0.00003906
1627772952577000,1,25.57544758,0.00003910
1627772953340000,1,25.57544758,0.00003910
1627773074286000,1,24.47771058,0.00003910
1627775976009000,0,32.17915984,0.00003930
