timestamp ms,type,amount,price
1626830257403000,0,6520.05032435,0.1526
1626832086873000,1,27600.00000000,0.1532
1626832087282000,1,2703.68914057,0.1531
1626832087294000,1,1440.76451564,0.1531
1626832087339000,1,1274.40922359,0.1531
1626832087937000,1,12781.13712020,0.1531
1626838325072000,0,321.82702632,0.1546
1626842600538000,0,743.09288723,0.1590
1626846232924000,0,6256.80689178,0.1589
1626847371166000,0,6935.15169946,0.1591
1626847371166000,0,5145.48760207,0.1592
1626847371166000,0,3885.63995485,0.1592
1626848629446000,0,1371.55612628,0.1596
1626848955339000,0,294.44106653,0.1605
1626854495145000,1,3576.63280014,0.1591
1626855036251000,0,312.09610438,0.1594
1626855082113000,0,312.82218309,0.1590
1626855433388000,1,808.76747754,0.1585
1626855913196000,0,629.68288824,0.1580
1626856613032000,0,626.98481411,0.1587
1626858324002000,0,297.53654390,0.1588
1626860672067000,0,596.12385697,0.1586
1626861537650000,0,6868.01449936,0.1604
1626861537725000,1,6868.01449936,0.1604
1626861541272000,1,1978.75556198,0.1604
1626863108448000,0,128.94038591,0.1622
1626864076885000,0,3405.81950169,0.1626
1626864953552000,1,309.36495098,0.1623
1626865205210000,0,15714.78456070,0.1626
1626865329754000,1,1216.03547881,0.1623
1626865329754000,1,5137.57622256,0.1623
1626865646724000,1,6795.53517169,0.1620
1626865646724000,1,1219.00465362,0.1619
1626865647291000,1,1221.12859129,0.1618
1626865647291000,1,1218.94450783,0.1611
1626865647291000,1,3052.82147822,0.1611
1626865647291000,1,5396.74535134,0.1611
1626865647291000,1,783.00000000,0.1611
1626865647291000,1,2648.00000000,0.1611
1626865647291000,1,7538.43021462,0.1611
1626865683560000,1,1147.05591739,0.1615
1626865683560000,1,2867.56884741,0.1615
1626865683560000,1,1146.92822554,0.1614
1626866102909000,0,783.00000000,0.1626
1626868767186000,0,1525.73736506,0.1630
1626872673063000,1,7865.01948172,0.1614
1626874974562000,0,125.00000000,0.1615
1626876248067000,0,200.00000000,0.1615
1626879421138000,0,539.81325044,0.1641
1626879448784000,0,3932.50974086,0.1641
1626879926873000,0,3932.50974086,0.1637
1626880592114000,0,302.80730371,0.1643
1626883376159000,1,3130.14421848,0.1641
1626883857178000,1,5243.94009727,0.1640
1626885434798000,1,1225.75236264,0.1668
1626885434798000,1,3063.94051126,0.1668
1626885434798000,1,2392.65987585,0.1668
1626885647705000,1,6533.79567771,0.1675
1626885647705000,1,5481.45166871,0.1674
1626886185179000,0,908.91694711,0.1664
1626886827623000,1,1394.12077620,0.1648
1626887732335000,0,19800.00000000,0.1635
1626888044099000,1,1210.85003068,0.1628
1626888044099000,1,2614.78452966,0.1628
1626890982842000,0,4586.67784962,0.1643
1626891495617000,1,1370.28806122,0.1659
1626891626008000,0,4310.75350403,0.1652
1626891626008000,0,3489.85610485,0.1653
1626891815565000,1,1266.68243396,0.1651
1626891841956000,1,22400.00000000,0.1642
1626892874529000,0,17200.00000000,0.1641
1626894197215000,0,25000.00000000,0.1636
1626894386253000,0,7800.60960888,0.1645
1626894641456000,1,26800.00000000,0.1641
1626902519775000,1,1217.75741872,0.1639
1626908587201000,0,791.00000000,0.1672
1626908587201000,0,4640.71054519,0.1673
1626912390116000,1,1221.23984109,0.1652
1626912390116000,1,1778.76015891,0.1652
1626921860892000,1,28200.00000000,0.1649
1626922245755000,0,27800.00000000,0.1650
1626925078005000,0,22400.00000000,0.1655
1626932903166000,0,114.83945986,0.1733
1626933626899000,0,1907.02521071,0.1723
1626933626899000,0,9292.31133584,0.1724
1626933849018000,0,2462.99999999,0.1750
1626933849019000,0,0.00000001,0.1750
1626934151206000,1,13309.43363749,0.1752
1626934151210000,1,565.22824535,0.1752
1626934151217000,1,2728.77982709,0.1752
1626934151281000,1,1196.55829007,0.1752
1626934901675000,0,200.00000000,0.1752
1626935301773000,0,790.99999999,0.1767
1626935462886000,0,1870.30526078,0.1772
1626936097706000,1,1228.84035895,0.1805
1626936097706000,1,3072.44096476,0.1804
1626938655956000,0,822.38942148,0.1815
1626938709385000,0,4220.09519556,0.1812
1626938709386000,0,0.00000001,0.1812
1626939158746000,0,200.00000000,0.1829
1626939991192000,0,4873.29798023,0.1806
1626939991344000,0,20926.70201977,0.1806
1626941130548000,1,1556.36542880,0.1835
1626941130690000,1,4336.11166514,0.1835
1626941131025000,1,1053.33347716,0.1835
1626941243242000,0,200.00000000,0.1843
1626941521045000,1,4748.35631696,0.1842
1626941522322000,1,659.82135462,0.1842
1626942006022000,1,1178.54216103,0.1823
1626943709592000,1,463.15219888,0.1830
1626943709694000,1,2391.38803774,0.1830
1626943709904000,1,5578.73250959,0.1830
1626944133584000,0,790.99999999,0.1822
1626944133604000,0,0.00000001,0.1822
1626944262141000,0,791.00000000,0.1823
1626944262141000,0,2398.84739343,0.1823
1626944571497000,0,1193.53236954,0.1834
1626944571497000,0,704.95031269,0.1836
1626944912011000,0,549.05836490,0.1821
1626944977001000,0,548.42601733,0.1823
1626945435722000,0,602.65162475,0.1815
1626946173695000,0,791.00000000,0.1822
1626946174530000,0,15200.00000000,0.1824
1626948419126000,0,606.83349229,0.1800
1626948419126000,0,790.99999999,0.1801
1626948419130000,0,0.00000001,0.1801
1626948419130000,0,11673.67729255,0.1802
1626948420718000,0,4902.39154510,0.1805
1626949434441000,1,7544.77433238,0.1781
1626949464633000,0,558.12915109,0.1784
1626950435920000,1,590.94000000,0.1790
1626950976931000,0,24600.00000000,0.1806
1626950992202000,0,549.31263111,0.1811
1626951797938000,0,4797.49030644,0.1787
1626951798090000,0,0.00000001,0.1787
1626952848384000,0,1109.28082497,0.1794
1626953673029000,1,1159.36250557,0.1789
1626953673037000,1,0.00000001,0.1789
1626954284061000,0,2621.39112590,0.1803
1626954536033000,0,791.00000000,0.1812
1626954536033000,0,4581.94437284,0.1812
1626954536035000,0,1444.47310661,0.1812
1626954536035000,0,2604.00000000,0.1812
1626955415786000,1,3901.27476116,0.1816
1626956792721000,1,1308.28006492,0.1782
1626956792721000,1,3295.32140000,0.1782
1626956792721000,1,3271.03018788,0.1782
1626956792721000,1,740.83792082,0.1782
1626956794467000,1,5096.42362019,0.1779
1626956794470000,1,8290.73805791,0.1779
1626956794702000,1,9812.83832190,0.1779
1626957313261000,1,4921.21813990,0.1794
1626958827729000,1,4800.94598430,0.1832
1626959329301000,0,10748.61571875,0.1831
1626959329305000,0,476.35713804,0.1831
1626959329458000,0,3375.02714320,0.1831
1626959329460000,0,0.00000001,0.1831
1626959987766000,1,1150.14212936,0.1827
1626962439125000,0,14200.00000000,0.1841
1626963112292000,1,1103.50017376,0.1897
1626965276501000,0,200.00000000,0.1898
1626965759793000,0,5712.97956418,0.1912
1626965759793000,0,3080.52072000,0.1912
1626965759793000,0,2660.97861557,0.1912
1626967122783000,0,249.96657499,0.1891
1626967495413000,1,1082.42059939,0.1896
1626967837810000,0,254.31872066,0.1898
1626967990439000,1,125.00000000,0.1901
1626968622156000,0,313.66056739,0.1896
1626969093292000,1,1177.52959144,0.1883
1626969093336000,1,0.00000001,0.1883
1626969093336000,1,2943.91765043,0.1883
1626969093729000,1,1177.24241043,0.1883
1626973942314000,1,1092.23662308,0.1908
1626973942314000,1,928.27216478,0.1908
1626973942600000,1,5718.21463083,0.1908
1626973942935000,1,8953.51320439,0.1908
1626974468045000,1,13471.57296272,0.1900
1626975328946000,0,582.06519108,0.1907
1626975329089000,0,305.69544449,0.1908
1626975329296000,0,1330.20628997,0.1908
1626977054986000,1,1065.06240514,0.1921
1626977384004000,0,1366.39869821,0.1936
1626978184592000,0,200.00000000,0.1928
1626978529920000,0,387.89370549,0.1924
1626978684675000,1,1433.31202180,0.1905
1626978684675000,1,3077.01464320,0.1905
1626978684676000,1,506.94155858,0.1905
1626979267136000,1,294.44106653,0.1903
1626980801162000,1,1309.60859735,0.1910
1626980801184000,1,61.76355389,0.1910
1626982045396000,1,1354.39109565,0.1912
1626982045396000,1,3385.76541663,0.1912
1626982370583000,1,1303.99454812,0.1908
1626982817753000,0,2580.05725250,0.1928
1626984542276000,0,760.40016708,0.1915
1626986628384000,0,523.09163074,0.1902
1626990861953000,1,1122.38846444,0.1905
1626992238874000,1,14200.00000000,0.1894
1626992931338000,0,125.00000000,0.1886
1626994369345000,0,300.00000000,0.1880
1626994726810000,0,894.23208971,0.1882
1626996445236000,0,561.97121428,0.1893
1626998029926000,1,1333.24314790,0.1919
1626998029926000,1,3333.10786976,0.1919
