timestamp ms,type,amount,price
1625617301779000,0,5.13275184,0.00058201
1625617521943000,1,50.37585892,0.00058046
1625617524689000,1,50.37585892,0.00058046
1625617525519000,1,50.37585892,0.00058046
1625618102764000,1,60.15383000,0.00057764
1625624553716000,1,49.75327000,0.00058887
1625624553806000,0,2.11070805,0.00058993
1625624553853000,0,2.74274477,0.00058992
1625625087426000,1,1.80672641,0.00058870
1625625110447000,1,1.80672641,0.00058970
1625625196062000,0,0.60851516,0.00059259
1625625296120000,0,48.70376146,0.00059448
1625625346571000,1,58.01524000,0.00059571
1625625897223000,1,18.66486409,0.00059651
1625625986514000,1,49.07234000,0.00059700
1625626080894000,0,5.00000000,0.00059900
1625626571673000,0,40.00000000,0.00060000
1625627680789000,1,2.50000000,0.00060374
1625628476223000,0,67.65966065,0.00060110
1625629517426000,1,48.14843000,0.00060268
1625629905800000,1,48.21965000,0.00060234
1625630156506000,1,48.12012000,0.00060313
1625630164467000,1,0.00000733,0.00060313
1625630600447000,0,10.00000000,0.00060247
1625631748841000,0,5.00000000,0.00060800
1625631842783000,0,5.00000000,0.00061000
1625631842783000,0,40.00000000,0.00061000
1625631843294000,0,40.29000000,0.00061120
1625631843350000,0,15.64770698,0.00061120
1625631843468000,0,52.32859653,0.00061138
1625631843504000,0,24.53290010,0.00061138
1625631843505000,0,14.72079557,0.00061138
1625631843506000,0,36.01953831,0.00061138
1625631843507000,0,70.31655159,0.00061138
1625631843520000,0,75.22194178,0.00061138
1625631843551000,0,8.17623430,0.00061138
1625631843569000,0,9.81145233,0.00061138
1625631843582000,0,27.81793988,0.00061138
1625631843585000,0,44.63014740,0.00061138
1625631843585000,0,55.93770698,0.00061138
1625631900212000,1,4.37729927,0.00061018
1625631916958000,1,2.35528755,0.00061021
1625633014319000,1,0.46341267,0.00060618
1625633909440000,0,38.31669031,0.00061135
1625637761878000,0,0.45308514,0.00060307
1625638171207000,1,0.65906293,0.00060234
1625639917946000,1,6.00000000,0.00060210
1625639918817000,1,19.83193689,0.00060137
1625639918822000,1,27.25387521,0.00060137
1625639918855000,1,9.26561774,0.00060137
1625641306120000,1,19.02753809,0.00060282
1625641415054000,0,34.55000000,0.00060569
1625641415076000,0,0.00620672,0.00060569
1625642482204000,0,9.41480271,0.00060624
1625644612825000,1,2.37805000,0.00060000
1625644612825000,1,1.19978333,0.00060000
1625644612825000,1,1.16395224,0.00060000
1625644612911000,1,2.35370068,0.00059852
1625647932121000,0,56.63889502,0.00059988
1625647932121000,0,3.35259091,0.00059989
1625647932121000,0,46.19693000,0.00059990
1625647932121000,0,48.19523535,0.00059996
1625647932121000,0,141.56747456,0.00059999
1625647932121000,0,647.99307187,0.00060000
1625647975403000,0,0.60000000,0.00059990
1625647975403000,0,0.56780000,0.00059990
1625648028841000,1,0.55943162,0.00059831
1625648249150000,0,0.41659706,0.00059866
1625648285215000,1,1.58439706,0.00059681
1625648323780000,0,1.71711333,0.00059872
1625649279630000,1,0.85855667,0.00059537
1625649349626000,1,0.42927833,0.00059434
1625649872431000,1,48.31787000,0.00059560
1625650204256000,0,57.20400738,0.00059563
1625650204256000,0,57.18428199,0.00059581
1625651980842000,0,10.00000000,0.00059577
1625652402361000,1,24.70629913,0.00059474
1625652403121000,1,32.50094696,0.00059474
1625652403121000,1,11.21561932,0.00059474
1625652403345000,1,23.14170690,0.00059474
1625652407904000,1,42.03483924,0.00059474
1625652407976000,1,26.90237479,0.00059474
1625652408484000,1,39.72964887,0.00059474
1625652408484000,1,30.87035113,0.00059474
1625652408688000,1,147.99341481,0.00059474
1625652408759000,1,100.00000000,0.00059474
1625652408813000,1,70.00000000,0.00059474
1625652408866000,1,23.04455000,0.00059474
1625652409040000,1,0.00000269,0.00059474
1625652596211000,1,48.72041138,0.00059383
1625652696643000,1,30.56077246,0.00059521
1625652697078000,1,17.99515818,0.00059521
1625652697494000,1,5.88453976,0.00059521
1625652702488000,1,42.67139088,0.00059521
1625652703008000,1,24.66626118,0.00059521
1625652707011000,1,23.88966946,0.00059521
1625652707723000,1,48.55593064,0.00059521
1625652712289000,1,48.55593064,0.00059521
1625652712289000,1,19.82487105,0.00059501
1625652717707000,1,28.72906867,0.00059501
1625652720554000,1,48.55393972,0.00059501
1625652846442000,0,57.55733284,0.00059551
1625652900915000,0,6.63099216,0.00059642
1625653037863000,1,48.43124399,0.00059609
1625654001952000,1,48.23020173,0.00059783
1625654012898000,1,3.85147827,0.00059783
1625655733407000,0,3.00000000,0.00059760
1625655800475000,1,3.23216593,0.00059826
1625655855875000,1,12.00000000,0.00059780
1625656174318000,1,2.55350774,0.00060010
1625657266554000,1,4.69054799,0.00060019
1625657266554000,1,4.68392420,0.00060019
1625657272071000,1,51.00000000,0.00059990
1625657580480000,1,9.80298735,0.00059923
1625657976445000,1,34.69458607,0.00059932
1625658237579000,1,14.67059712,0.00059858
1625658237655000,1,16.70626653,0.00059858
1625658237662000,1,9.24121353,0.00059858
1625659578468000,1,46.62113094,0.00060057
1625659676984000,1,8.20000000,0.00060005
1625659677034000,1,39.00000000,0.00060005
1625660704298000,1,14.03015455,0.00059764
1625660704403000,1,5.42500000,0.00059764
1625660719486000,1,56.64673554,0.00059729
1625660719486000,1,1.09229079,0.00059728
1625660719525000,1,7.40000000,0.00059728
1625661279841000,1,10.05720041,0.00059763
1625661279882000,1,6.40000000,0.00059763
1625662410279000,1,21.35666526,0.00059752
1625664544260000,0,5.01758747,0.00059880
1625664959241000,1,2.36668003,0.00060040
1625666182166000,0,1.53541679,0.00060136
1625666182166000,0,21.55713081,0.00060137
1625666435619000,1,14.20095197,0.00060014
1625666763015000,0,14.02971548,0.00060100
1625668297270000,1,2.55354404,0.00059731
1625668717862000,1,13.41907055,0.00059626
1625668897420000,0,0.95740530,0.00059675
1625669070216000,1,19.89325570,0.00059610
1625669217825000,1,48.34419882,0.00059693
1625669346502000,1,48.38686539,0.00059661
1625669350433000,1,48.38686539,0.00059661
1625669463996000,1,196.91918000,0.00059626
1625669635112000,1,142.09562169,0.00059573
1625669635112000,1,40.26052023,0.00059573
1625669635112000,1,12.45318774,0.00059573
1625669849649000,1,48.57560841,0.00059465
1625669849649000,1,56.94228990,0.00059465
1625669849649000,1,46.64203053,0.00059465
1625669849649000,1,58.89826606,0.00059465
1625669866786000,1,31.72352752,0.00059445
1625669875908000,1,5.24123035,0.00059446
1625669875992000,1,5.24123035,0.00059425
1625669875992000,1,11.50396020,0.00059423
1625669911342000,1,56.90473107,0.00059387
1625669911342000,1,45.77151565,0.00059387
1625669911342000,1,142.18161705,0.00059387
1625669996470000,1,57.02700971,0.00059314
1625669996470000,1,370.74494836,0.00059314
1625669996470000,1,142.62678703,0.00059314
1625670163394000,1,135.80007174,0.00059162
1625670163394000,1,57.22716888,0.00059162
1625670163394000,1,136.99568360,0.00059162
1625670183297000,1,57.21232381,0.00059131
1625670183297000,1,143.03080952,0.00059131
1625670183297000,1,372.32027749,0.00059131
1625670659017000,1,56.95514803,0.00059280
1625670659017000,1,38.91399614,0.00059280
1625670659017000,1,63.32752578,0.00059280
1625670803460000,1,42.88929530,0.00059388
1625670803460000,1,142.25228283,0.00059388
1625670803460000,1,23.60764824,0.00059388
1625670908818000,1,57.10083981,0.00059319
1625671027475000,1,28.89999999,0.00059247
1625671077017000,1,37.96553875,0.00059258
1625671077017000,1,142.93318919,0.00059258
1625671077017000,1,57.16118797,0.00059258
1625671193482000,1,153.25129503,0.00059252
1625671193482000,1,21.48859016,0.00059252
1625671193482000,1,142.62596056,0.00059252
1625671445578000,1,48.54393406,0.00059174
1625671445655000,1,8.54641314,0.00059174
1625671445655000,1,6.61021245,0.00059174
1625671445655000,1,59.08003439,0.00059174
1625671453672000,1,8.60000000,0.00059076
1625671454151000,1,10.50706210,0.00059076
1625671454151000,1,74.49293790,0.00059076
1625671454192000,1,68.47873073,0.00059076
1625671571389000,1,57.28452632,0.00058982
1625671571389000,1,143.11492065,0.00058982
1625671571389000,1,34.42561705,0.00058982
1625671883811000,1,36.95695947,0.00059055
1625671883863000,1,20.32105615,0.00059055
1625671883863000,1,7.75137118,0.00059055
1625671883906000,1,42.57771361,0.00059055
1625671884093000,1,6.92894509,0.00059055
1625671890195000,0,2.42631106,0.00059093
1625671934521000,1,57.36379989,0.00058931
1625671934521000,1,78.27685871,0.00058931
1625671934780000,1,65.17813167,0.00058931
1625671934780000,1,6.87573054,0.00058931
1625671965397000,1,9.32676874,0.00058860
1625671965447000,1,8.82151438,0.00058860
1625671965681000,1,39.22880035,0.00058860
1625671965681000,1,9.77119965,0.00058860
1625672111699000,0,49.09630859,0.00059024
1625672111767000,1,56.51575000,0.00059024
1625672111809000,1,0.00000599,0.00059024
1625672163363000,0,49.02661793,0.00059042
1625672163449000,1,49.02661793,0.00059042
1625672163513000,1,7.52716453,0.00059042
1625672164015000,1,50.36838642,0.00059042
1625672164015000,1,125.93368981,0.00059042
1625672698306000,1,46.59398470,0.00058894
1625673199939000,1,87.66374311,0.00059011
1625673199939000,1,28.10894098,0.00059011
1625673553364000,1,22.00000000,0.00059142
1625673553392000,1,7.41142166,0.00059142
1625673553392000,1,2.11597756,0.00059142
1625673652768000,1,32.36596338,0.00059052
1625673652768000,1,80.92941755,0.00059052
1625673652768000,1,210.60652456,0.00059052
1625673700110000,1,29.24457078,0.00059030
1625673700110000,1,45.30730267,0.00059030
1625673700339000,1,9.60040767,0.00059030
1625673700358000,1,59.47206268,0.00059030
1625673844966000,1,40.60650244,0.00059129
1625673845156000,1,10.46994951,0.00059129
1625673845156000,1,89.65541289,0.00059129
1625673928648000,1,28.88404576,0.00059082
1625673928648000,1,24.93574701,0.00059082
1625673929568000,1,45.20107043,0.00059082
1625673929568000,1,50.71213425,0.00059082
1625674187228000,1,31.85496339,0.00059040
1625674187286000,1,2.37319881,0.00059040
1625674187286000,1,85.57040550,0.00059040
1625674187286000,1,3.12645749,0.00059040
1625674187298000,1,29.89985346,0.00059040
1625674187312000,1,32.46247658,0.00059040
1625674187318000,1,41.40411966,0.00059040
1625674187345000,1,48.53165252,0.00059040
1625674187350000,1,87.65830944,0.00059040
1625674210593000,1,49.11200209,0.00059002
1625674358785000,1,48.92009091,0.00059177
1625675101762000,1,27.24266244,0.00059433
1625675101762000,1,67.90511946,0.00059433
1625675101762000,1,174.65053309,0.00059433
1625675240396000,1,20.94767788,0.00059286
1625675240396000,1,17.25143567,0.00059286
1625675240396000,1,10.48783099,0.00059286
1625675377390000,1,18.23780225,0.00059242
1625675377390000,1,118.54571460,0.00059242
1625675377390000,1,45.60495902,0.00059242
1625675435467000,1,21.92849312,0.00059125
1625675435467000,1,60.20313182,0.00059125
1625675435467000,1,55.94760108,0.00059125
1625675449867000,1,49.26542440,0.00059040
1625675456697000,1,1.47576850,0.00059023
1625676325507000,1,17.00477682,0.00059174
1625676325544000,1,40.22386899,0.00059174
1625676325544000,1,10.46623910,0.00059174
1625676352677000,1,33.73811451,0.00059174
1625676366760000,1,30.00000000,0.00059123
1625676367616000,1,27.25264313,0.00059123
1625676367616000,1,22.24793675,0.00059123
1625676367686000,1,5.53394847,0.00059123
1625676367686000,1,62.15297762,0.00059123
1625678550780000,1,11.84836944,0.00058933
1625680850407000,0,33.91934180,0.00058962
