timestamp ms,type,amount,price
1623111395336000,0,0.37000000,0.00073701
1623112589494000,0,11.21902204,0.00072611
1623113219987000,1,40.99110000,0.00072696
1623113221135000,1,0.00000052,0.00072696
1623113221135000,1,40.99109948,0.00072696
1623113223242000,1,0.00000104,0.00072696
1623113223242000,1,40.99109896,0.00072652
1623113715325000,1,150.00000000,0.00073050
1623113960977000,0,40.64831144,0.00073228
1623113962343000,0,40.64831144,0.00073228
1623113962455000,1,40.64831144,0.00073238
1623114290745000,1,50.00000000,0.00073757
1623114793108000,1,40.26674000,0.00073456
1623115264092000,1,40.15687000,0.00073544
1623116147073000,1,1.23319795,0.00073475
1623116154258000,1,5.39759720,0.00073254
1623116301159000,1,40.45752000,0.00073349
1623116343860000,1,0.00000589,0.00073349
1623116601434000,0,9.91000000,0.00073442
1623116602415000,0,3.63732321,0.00073442
1623118537873000,1,40.31439087,0.00073305
1623118537977000,0,29.97210381,0.00073305
1623118540299000,1,40.31885000,0.00073360
1623118545369000,1,0.00000675,0.00073360
1623118545369000,1,40.31884325,0.00073360
1623118562706000,1,0.00001350,0.00073360
1623118562706000,1,40.31884650,0.00073360
1623118566044000,1,0.00001025,0.00073360
1623118566044000,1,40.31884975,0.00073360
1623118567160000,1,0.00000700,0.00073360
1623118567160000,1,40.31884300,0.00073360
1623118618431000,1,40.34045000,0.00073361
1623120341790000,0,41.96805381,0.00073457
1623120341790000,0,41.40809034,0.00073458
1623120341861000,1,60.00000000,0.00073467
1623120715881000,1,5.00000000,0.00072000
1623120885690000,0,0.39838623,0.00072345
1623121885118000,1,1.17249257,0.00071185
1623121885118000,1,1.00000000,0.00071161
1623121912417000,1,5.00000000,0.00071000
1623123608174000,1,42.17292000,0.00072142
1623123971586000,0,4.14927785,0.00072324
1623123971727000,0,10.80816728,0.00072324
1623124106840000,1,41.97438000,0.00072507
1623124459052000,1,41.73542000,0.00072770
1623125079379000,1,1.39000000,0.00072878
1623125391435000,1,0.33523661,0.00073015
1623125402548000,1,41.04971000,0.00073015
1623126000023000,0,41.51133608,0.00073160
1623126000023000,0,41.22559658,0.00073197
1623126000023000,0,17.26306734,0.00073219
1623128972660000,1,100.00000000,0.00073172
1623129169483000,1,14.16840891,0.00073098
1623129169573000,1,27.41296000,0.00073098
1623134248112000,1,41.95570000,0.00072685
1623135981527000,0,40.75785000,0.00072000
1623135982313000,1,43.11398917,0.00071741
1623135982313000,1,56.88601083,0.00071618
1623136028510000,0,0.47449145,0.00072031
1623136885179000,1,100.00000000,0.00072600
1623137445521000,0,41.41644890,0.00072957
1623137445588000,1,442.93608067,0.00072957
1623137495821000,1,109.00098901,0.00072800
1623138222991000,0,0.28000000,0.00073050
1623138290549000,1,0.28000000,0.00072989
1623139294818000,0,41.31311000,0.00073273
1623139800249000,0,11.61173525,0.00073488
1623140132120000,1,481.87602000,0.00073332
1623140132186000,1,0.00000956,0.00073332
1623140873695000,0,1.17249257,0.00073676
1623140945302000,0,50.00000000,0.00073762
1623140959211000,0,33.15038328,0.00073787
1623140959359000,0,16.84961672,0.00073787
1623143985520000,0,41.24008000,0.00073144
1623148205218000,1,39.00191380,0.00072630
1623150352199000,0,39.06874236,0.00072580
1623150352314000,0,245.00000000,0.00072580
1623150355896000,0,180.74776000,0.00072580
1623150355974000,0,135.00000000,0.00072580
1623150356072000,0,115.00000000,0.00072580
1623150356238000,0,251.41205677,0.00072580
1623151379654000,1,5.06610093,0.00073170
1623151379738000,1,36.29947000,0.00073170
1623151382983000,1,0.00000024,0.00073170
1623151382983000,1,41.36556976,0.00073170
1623151383950000,1,0.00000141,0.00073170
1623151383950000,1,41.36556859,0.00073170
1623151385847000,1,0.00000258,0.00073170
1623151385847000,1,41.36556742,0.00073170
1623155938888000,0,0.27234904,0.00073068
1623157866886000,0,1.37344541,0.00072447
1623159663911000,0,42.59858650,0.00071806
1623159663911000,0,7.40141350,0.00071827
1623160787613000,1,1.17249257,0.00071185
1623161158902000,1,52.91863160,0.00070888
1623161158902000,1,132.30004352,0.00070887
1623161158902000,1,344.02588923,0.00070887
1623161158902000,1,44.35574647,0.00070887
1623161160199000,1,35.57000000,0.00070864
1623161160291000,1,17.34863160,0.00070864
1623161160291000,1,132.67780127,0.00070864
1623161160291000,1,344.02588923,0.00070864
1623161160834000,1,52.91863160,0.00070827
1623161160834000,1,132.67780127,0.00070827
1623161160834000,1,344.02588923,0.00070827
1623161486367000,0,3.33517599,0.00071138
1623162034814000,1,1.97164771,0.00070712
1623164188490000,1,1000.00000000,0.00070034
1623164825964000,1,5.00000000,0.00070000
1623164825964000,1,4.03021275,0.00070000
1623164826315000,1,4.03021275,0.00070000
1623164829216000,1,1.83888438,0.00070000
1623164895941000,1,42.13161409,0.00070000
1623165349090000,1,2.00000000,0.00069700
1623165461497000,1,16.00000000,0.00069560
1623165496393000,0,13.77481854,0.00069588
1623165496393000,0,38.84859927,0.00069652
1623165528889000,1,358.93689907,0.00069476
1623165550496000,1,1.20261496,0.00069402
1623165643465000,1,5.00000000,0.00069000
1623165647343000,1,2.00000000,0.00068990
1623165648372000,0,5.00000000,0.00069259
1623165813743000,0,7.38000000,0.00069452
1623165851831000,1,385.00000000,0.00069270
1623166514772000,0,0.70083814,0.00070394
1623166915544000,1,43.56143000,0.00070328
1623168177596000,1,1.25895385,0.00070661
1623168204367000,1,10.00000000,0.00071008
1623168406977000,0,43.61062328,0.00071320
1623168406977000,0,43.88277710,0.00071322
1623168406977000,0,43.73273354,0.00071353
1623168406977000,0,43.50284908,0.00071365
1623168406977000,0,87.00036852,0.00071424
1623168406977000,0,130.56797352,0.00071519
1623168406977000,0,130.50055278,0.00071548
1623168406977000,0,130.52056691,0.00071585
1623168406977000,0,67.00000000,0.00071830
1623168406977000,0,1.20261496,0.00071831
1623168406977000,0,88.43732559,0.00071907
1623168408220000,0,43.74802638,0.00071319
1623168408220000,0,43.61062328,0.00071320
1623168408220000,0,9.81034930,0.00071353
1623168935728000,0,8.71008557,0.00071424
1623168935728000,0,42.95860782,0.00071436
1623168935728000,0,7.11234065,0.00071450
1623168950778000,0,8.74399854,0.00071313
1623168950778000,0,43.41277400,0.00071323
1623168950778000,0,3.85323772,0.00071347
1623169757897000,1,0.44877253,0.00071326
1623169778263000,0,10.00000000,0.00071477
1623169858756000,1,2.90802452,0.00071107
1623169858756000,1,0.33020672,0.00071107
1623170749888000,1,133.85921059,0.00070896
1623170749888000,1,56.14078941,0.00070896
1623170749971000,1,175.00000000,0.00070896
1623170750199000,1,90.00000000,0.00070896
1623170750332000,1,26.93861805,0.00070896
1623170855155000,1,53.49388000,0.00070882
1623171199784000,1,53.35483000,0.00070987
1623171234948000,1,36.77000000,0.00070915
1623171235033000,1,16.62912000,0.00070915
1623171235128000,1,0.00000512,0.00070915
1623171288772000,1,53.40091000,0.00070866
1623171492715000,1,3.00000000,0.00070802
1623172456694000,1,67.72508000,0.00071338
1623172456807000,1,32.27492000,0.00071338
1623174230024000,1,41.60372580,0.00071127
1623174538606000,0,2.02942890,0.00071285
1623175145336000,0,10.24173673,0.00071844
1623175145455000,0,175.00000000,0.00071844
1623175145555000,0,7.00033556,0.00071844
1623175145695000,0,45.55960000,0.00071844
1623175207908000,0,8.47473759,0.00071861
1623175427315000,1,0.41755372,0.00071720
1623175536222000,0,182.70558196,0.00071786
1623175542311000,0,149.31782982,0.00071997
1623175542662000,0,2.89221309,0.00071997
1623175545746000,0,123.60482807,0.00071999
1623175561132000,0,54.35311805,0.00071998
1623175566227000,0,8.62295291,0.00071991
1623175813882000,0,87.82613872,0.00071706
1623176172784000,0,45.38648535,0.00072203
1623184053737000,1,289.20263158,0.00072225
1623184092462000,1,275.75751910,0.00072231
1623185060002000,1,28.55218033,0.00071815
1623185112384000,1,64.23104530,0.00071697
1623186611754000,1,197.18860070,0.00071701
1623186946085000,1,8.37953229,0.00071670
1623186946630000,1,64.23537007,0.00071670
1623188216607000,1,30.44351864,0.00072084
1623188506077000,0,0.33229283,0.00072565
1623188603856000,1,225.00000000,0.00072803
1623188603933000,1,61.32733000,0.00072803
1623188604674000,1,0.00000776,0.00072803
1623188679289000,0,12.34831434,0.00072712
1623188679289000,0,12.33271009,0.00072717
1623188679366000,1,12.34831434,0.00072726
1623188679416000,1,737.94985246,0.00072726
1623188682704000,0,12.33271009,0.00072717
1623188682780000,1,125.00000000,0.00072731
1623188682789000,1,640.04811970,0.00072731
1623188682852000,1,0.50037975,0.00072731
1623188687241000,0,12.31305925,0.00072723
1623188687335000,1,12.31305925,0.00072724
1623188687383000,1,160.00000000,0.00072724
1623188687461000,1,150.00000000,0.00072724
1623188687619000,1,58.17230000,0.00072724
1623189276618000,0,16.36178000,0.00072687
1623189348728000,1,13.79148739,0.00072523
1623189349558000,1,8.17000000,0.00072523
1623189357343000,1,7.06000000,0.00072523
1623189995724000,1,60.90171761,0.00072465
1623190408940000,0,40.87349000,0.00072478
1623190555595000,0,40.44144000,0.00072846
1623192519294000,1,178.17437033,0.00072740
