timestamp ms,type,amount,price
1625377291061000,1,265.25168650,0.00012836
1625377516337000,1,110.92609395,0.00012769
1625377516337000,1,444.21400605,0.00012767
1625377904670000,1,111.07491000,0.00012764
1625379497798000,1,261.16147000,0.00012924
1625379497873000,1,109.95852000,0.00012923
1625379497927000,1,261.16147264,0.00012922
1625379497927000,1,351.50352736,0.00012917
1625379497983000,1,40.24370000,0.00012917
1625383623902000,1,1.88986843,0.00012885
1625406633177000,0,111.65983000,0.00012674
1625407194568000,1,25.00000000,0.00012625
1625407201677000,1,15.00000000,0.00012624
1625410992226000,0,109.92324000,0.00012833
1625410998505000,0,4.95012430,0.00012872
1625413583074000,1,109.86091067,0.00012809
1625413583074000,1,333.19728933,0.00012809
1625413770686000,0,110.03600000,0.00012823
1625424356383000,0,334.62668923,0.00012809
1625424425667000,0,261.41732159,0.00012850
1625424425667000,0,316.02952403,0.00012850
1625424425816000,0,337.16378513,0.00012850
1625424425948000,0,0.16867480,0.00012850
1625424425948000,0,66.00000000,0.00012851
1625424425948000,0,324.54552720,0.00012851
1625424426016000,0,0.19550708,0.00012851
1625424428006000,0,151.48733000,0.00012856
1625424660863000,0,93.24326664,0.00012903
1625424714810000,0,37.50070217,0.00012989
1625424714810000,0,168.71086783,0.00012990
1625424934367000,0,5.01294637,0.00013021
1625424934367000,0,32.55768537,0.00013022
1625424934367000,0,12.49931384,0.00013022
1625424934483000,0,45.05699000,0.00013021
1625424934483000,0,0.02550334,0.00013022
1625424934483000,0,32.46571701,0.00013023
1625424934483000,0,275.58466417,0.00013023
1625425003035000,0,13.65909986,0.00013024
1625425003035000,0,78.72319462,0.00013025
1625425003179000,0,247.46998429,0.00013025
1625425003203000,0,0.12385779,0.00013025
1625425003203000,0,34.15037177,0.00013026
1625425003203000,0,58.10806492,0.00013028
1625425003338000,0,34.25700693,0.00013032
1625425088841000,1,81.00000000,0.00012971
1625425088869000,1,127.34449000,0.00012971
1625425942111000,0,108.82699000,0.00012939
1625425942647000,0,66.00000000,0.00012957
1625425942963000,0,214.01843000,0.00012964
1625425943031000,0,66.00000000,0.00012963
1625425943031000,0,46.84380000,0.00012964
1625426878963000,0,108.84746000,0.00012957
1625430620633000,1,108.99009000,0.00012903
1625430620766000,1,0.00000143,0.00012903
1625430620766000,1,162.70116857,0.00012900
1625431179888000,1,108.95635000,0.00012895
1625431180009000,1,0.00000691,0.00012895
1625431180069000,1,66.00000000,0.00012889
1625431238329000,1,109.37997000,0.00012839
1625431238385000,1,260.07795000,0.00012836
1625431279752000,0,76.81960000,0.00012833
