timestamp ms,type,amount,price
1624320235753000,1,52.06645128,0.00010880
1624320235753000,1,5.95940097,0.00010880
1624320235753000,1,0.00299390,0.00010880
1624321025634000,1,70.00000000,0.00010686
1624324982624000,1,140.76292798,0.00010898
1624324982624000,1,194.54278202,0.00010897
1624324990629000,0,335.27033653,0.00010928
1624324990629000,0,423.65406517,0.00010930
1624324990629000,0,837.05314603,0.00010930
1624324990629000,0,67.00000000,0.00010931
1624324990629000,0,42.24542407,0.00010931
1624324990692000,1,5.94950141,0.00010931
1624324990693000,1,1813.01479236,0.00010931
1624325824604000,1,47.06000000,0.00010849
1624326615544000,0,309.41354831,0.00010972
1624333991403000,1,135.50422134,0.00011181
1624333991403000,1,81.51954507,0.00011178
1624333991955000,1,135.50422134,0.00011181
1624335041952000,1,325.54242000,0.00011121
1624335042118000,1,0.00000695,0.00011121
1624335042118000,1,136.61547305,0.00011120
1624338612842000,1,138.06037000,0.00010985
1624340129042000,0,433.67971942,0.00010786
1624340129042000,0,67.70589422,0.00010788
1624341840116000,1,142.29598000,0.00010743
1624342894487000,0,335.37132000,0.00010859
1624343087755000,1,140.09917000,0.00010871
1624343869061000,1,142.28458000,0.00010736
1624345397791000,0,333.67900000,0.00010866
1624345397924000,0,0.00000529,0.00010866
1624345568054000,0,140.07096000,0.00010917
1624345604321000,1,279.67966799,0.00010931
1624345997636000,1,141.16398000,0.00010831
1624346022041000,1,0.00000768,0.00010831
1624346022041000,1,141.39262232,0.00010829
1624346025960000,1,0.00000947,0.00010829
1624346025960000,1,141.39262053,0.00010829
1624346185583000,1,140.64354000,0.00010863
1624348465560000,1,140.84898761,0.00010864
1624349051546000,1,250.00000000,0.00010811
1624349127932000,1,250.00000000,0.00010755
1624349586020000,1,200.00000000,0.00010640
1624349586177000,1,144.88067000,0.00010640
1624349589989000,1,0.00000761,0.00010640
1624349945649000,1,56.00000000,0.00010560
1624350323124000,1,85.22727273,0.00010500
1624350621751000,1,43.96235886,0.00010486
1624350675551000,0,284.01703000,0.00010554
1624351180876000,0,47.37540270,0.00010490
1624352496962000,0,20.00000000,0.00010618
1624352569411000,0,20.00000000,0.00010588
1624354928667000,1,200.00000000,0.00010493
1624354928702000,1,35.46592966,0.00010493
1624354985923000,1,98.36539546,0.00010470
1624359423145000,0,104.84050912,0.00010519
1624359423393000,0,0.05245275,0.00010519
1624359423393000,0,355.12794100,0.00010523
1624359423590000,0,0.17780666,0.00010523
1624359423590000,0,269.70362373,0.00010524
1624359423892000,0,0.13511482,0.00010524
1624359423892000,0,66.96632954,0.00010525
1624359424102000,0,355.10542573,0.00010524
1624359424279000,0,0.17771702,0.00010524
1624359424279000,0,0.03367046,0.00010525
1624359424279000,0,213.89277314,0.00010527
1624359424440000,0,355.20838896,0.00010526
1624359424440000,0,0.08348686,0.00010527
1624359424595000,0,0.02374000,0.00010527
1624359424595000,0,355.18470178,0.00010530
1624359424866000,0,89.92771213,0.00010528
1624359424866000,0,0.17780362,0.00010530
1624359424866000,0,358.01035790,0.00010531
1624359424996000,0,90.15192825,0.00010531
1624359424996000,0,24.29995935,0.00010535
1624359425043000,0,90.10676151,0.00010530
1624359425242000,0,264.90651181,0.00010530
1624359425251000,0,0.13255764,0.00010530
1624359425251000,0,114.31932996,0.00010534
1624359425396000,0,240.92257698,0.00010534
1624359425590000,0,66.96650000,0.00010533
1624359425793000,0,0.03350000,0.00010533
1624359425793000,0,0.12059846,0.00010534
1624359425793000,0,354.94176013,0.00010534
1624359425963000,0,0.17773948,0.00010534
1624359425963000,0,426.97167709,0.00010535
1624359425963000,0,47.91343126,0.00010535
1624359426127000,0,221.74754252,0.00010535
1624359426303000,0,0.11096707,0.00010535
1624359426303000,0,474.95188076,0.00010537
1624359426495000,0,48.90758294,0.00010536
1624359426650000,0,355.36250540,0.00010535
1624359426650000,0,38.41184530,0.00010535
1624359426815000,0,100.45653350,0.00010535
1624359426972000,0,216.12539059,0.00010535
1624359427142000,0,0.10812939,0.00010535
1624359427142000,0,393.77427279,0.00010536
1624359427310000,0,49.10450445,0.00010534
1624359427567000,0,0.19711889,0.00010536
1624359427567000,0,48.93211233,0.00010537
1624359427567000,0,65.32265638,0.00010545
1624359427589000,0,49.10450445,0.00010535
1624359427808000,0,114.45188760,0.00010545
1624359428774000,0,66.96650000,0.00010543
1624359429004000,0,0.03350000,0.00010543
1624359429004000,0,355.08917269,0.00010544
1624359429004000,0,119.94017514,0.00010544
1624359429502000,0,235.42233026,0.00010544
1624359429502000,0,239.64051757,0.00010544
1624359429671000,0,475.06284783,0.00010544
1624359429871000,0,475.06284783,0.00010544
1624359430044000,0,475.06284783,0.00010544
1624359430241000,0,214.00000000,0.00010543
1624359430241000,0,261.06284783,0.00010544
1624359430456000,0,381.53533189,0.00010544
1624359432459000,0,14.98082824,0.00010533
1624359432632000,0,0.00750879,0.00010533
1624359432632000,0,44.94248811,0.00010539
1624359432822000,0,0.02252297,0.00010539
1624359432822000,0,449.86427007,0.00010541
1624359432834000,0,0.22517910,0.00010541
1624359432834000,0,67.00000000,0.00010543
1624359432834000,0,0.19095732,0.00010544
1624359432834000,0,47.03575118,0.00010544
1624359433096000,0,114.45188760,0.00010544
1624359433767000,0,475.06284783,0.00010543
1624359433975000,0,14.98082824,0.00010533
1624359434046000,0,0.00750879,0.00010533
1624359434046000,0,44.96501108,0.00010539
1624359434046000,0,13.11181309,0.00010541
1624359434136000,0,441.43025120,0.00010541
1624359434293000,0,67.00000000,0.00010538
1624359434293000,0,0.22087191,0.00010541
1624359434293000,0,47.23101569,0.00010543
1624359434411000,0,308.49293047,0.00010543
1624359434565000,0,0.15438177,0.00010543
1624359434565000,0,114.29750583,0.00010544
1624359434569000,0,79.33966706,0.00010544
1624359434569000,0,395.72318077,0.00010544
1624359434765000,0,475.06284783,0.00010544
1624359434818000,0,114.45188760,0.00010543
1624359434930000,0,475.06284783,0.00010543
1624359435120000,0,114.45188760,0.00010543
1624359435125000,0,185.51436348,0.00010543
1624359435289000,0,475.06284783,0.00010544
1624359435357000,0,114.45188760,0.00010544
1624359435457000,0,475.06284783,0.00010544
1624359435595000,0,114.45188760,0.00010536
1624359435652000,0,335.70534157,0.00010536
1624359435810000,0,66.96650000,0.00010537
1624359436021000,0,0.03350000,0.00010537
1624359436021000,0,322.46512259,0.00010537
1624359436021000,0,54.57602346,0.00010544
1624359436191000,0,114.45188760,0.00010545
1624359436264000,0,266.87228183,0.00010543
1624359436388000,0,48.39654273,0.00010543
1624359436447000,0,65.12676775,0.00010543
1624359436530000,0,65.36614341,0.00010543
1624359436597000,0,475.06284783,0.00010543
1624359776289000,1,200.00000000,0.00010524
1624361548111000,0,46.99680000,0.00010195
1624362502095000,0,215.65858000,0.00010237
1624362502173000,0,102.98442000,0.00010237
1624362502323000,0,0.00000186,0.00010237
1624362502323000,0,297.01557814,0.00010239
1624362502698000,0,118.66262060,0.00010239
1624362502856000,0,97.67600374,0.00010239
1624362502862000,0,153.35132588,0.00010239
1624362502923000,0,68.43996768,0.00010239
1624362502923000,0,198.60279187,0.00010244
1624362502938000,0,599.97545411,0.00010244
1624362502987000,0,239.21741265,0.00010257
1624362503040000,0,79.42558921,0.00010257
1624362610068000,0,168.58472218,0.00010288
1624362610068000,0,81.41527782,0.00010288
1624362610193000,0,71.25785291,0.00010288
1624362610273000,0,89.98310000,0.00010288
1624362610397000,0,178.74214835,0.00010288
1624362728407000,1,368.34473822,0.00010256
1624362729024000,1,368.16891093,0.00010254
1624362730237000,1,368.16891093,0.00010250
1624362807670000,1,371.05664949,0.00010203
1624362849498000,1,289.98310000,0.00010164
1624362850549000,1,82.44059593,0.00010164
1624362851050000,1,931.11669395,0.00010163
1624363893329000,1,162.31264000,0.00010118
1624368462677000,0,101.25692000,0.00010142
1624368473750000,0,0.00000167,0.00010142
1624368695895000,0,87.12999213,0.00010190
1624368695895000,0,217.82498033,0.00010190
1624368695895000,0,566.34493754,0.00010190
1624369544519000,1,310.24419000,0.00010112
1624369546728000,1,83.16539000,0.00010112
1624370193327000,1,134.04718518,0.00010019
1624372022900000,0,234.76964000,0.00010198
1624372035906000,1,179.69827259,0.00010187
1624372762657000,0,300.00000000,0.00010239
1624372765446000,0,56.53539816,0.00010267
1624373766501000,0,31.64121000,0.00010425
1624374334124000,0,28.96919000,0.00010373
1624374334211000,0,0.00000776,0.00010373
1624374900858000,1,299.47673000,0.00010349
1624375423374000,0,79.93515666,0.00010502
1624375571655000,0,28.44395247,0.00010537
1624376211811000,0,15.19623472,0.00010436
1624376211811000,0,45.55681153,0.00010449
1624376211811000,0,75.92801921,0.00010454
1624376211921000,1,261.35598816,0.00010457
1624376212046000,1,1035.25432624,0.00010457
1624376337647000,0,15.25474201,0.00010418
1624376337647000,0,8.46920469,0.00010420
1624376337790000,0,15.25474201,0.00010418
1624376337790000,0,52.90643129,0.00010420
1624376368551000,0,115.12766366,0.00010418
1624376369074000,0,339.60022436,0.00010418
1624376369278000,0,15.24652399,0.00010419
1624376370008000,0,0.00771055,0.00010419
1624376370008000,0,45.75406268,0.00010421
1624376378939000,0,272.51640000,0.00010418
1624376620060000,0,350.00000000,0.00010414
1624376620259000,0,250.00000000,0.00010414
1624376620363000,0,450.00000000,0.00010414
1624376620474000,0,380.54195000,0.00010414
1624376706985000,0,0.00000019,0.00010414
1624376906093000,0,19.10020155,0.00010419
1624378101153000,1,208.87929000,0.00010504
1624378191431000,1,251.28411200,0.00010461
1624378482661000,1,64.00000000,0.00010416
1624378651939000,1,146.70659000,0.00010387
1624379498479000,0,283.98309000,0.00010444
1624379498479000,0,446.17113650,0.00010445
1624379498479000,0,269.84577350,0.00010450
1624383809037000,1,472.67338015,0.00010479
1624383809067000,1,95.44987522,0.00010479
1624383809082000,1,259.84703000,0.00010479
1624383809138000,1,49.80233086,0.00010479
1624384070332000,1,21.55908871,0.00010442
1624384070334000,1,28.96692840,0.00010442
1624384070336000,1,29.44219747,0.00010442
1624384070370000,1,272.44299004,0.00010442
1624384070370000,1,69.57841388,0.00010441
1624384070810000,1,30.05000000,0.00010431
1624384071357000,1,52.93000000,0.00010431
1624384071450000,1,35.49560741,0.00010431
1624384071488000,1,48.00532483,0.00010431
1624384071526000,1,30.37000000,0.00010431
1624384071925000,1,52.22675011,0.00010431
1624384071926000,1,29.89558397,0.00010431
1624384071961000,1,35.30480707,0.00010431
1624384072488000,1,43.52000000,0.00010430
1624384091077000,1,64.00000000,0.00010423
1624385264684000,1,29.93692874,0.00010374
1624387214165000,1,144.77403508,0.00010402
1624388465476000,1,145.61327000,0.00010405
1624388465663000,1,0.00000792,0.00010405
1624388465795000,1,64.00000000,0.00010403
1624388465923000,1,346.44180007,0.00010404
1624388465923000,1,103.55819993,0.00010397
1624388466008000,1,416.54188000,0.00010397
1624388466249000,1,64.00000000,0.00010406
1624388511246000,1,40.60621343,0.00010400
1624388764521000,1,347.99541000,0.00010418
1624388764584000,1,0.00000308,0.00010418
1624388764584000,1,599.99999692,0.00010418
1624388978376000,1,210.18110249,0.00010459
1624388997944000,1,115.20168592,0.00010450
1624389142104000,0,200.84385000,0.00010469
1624390509092000,0,250.00000000,0.00010472
1624390510263000,0,100.18439573,0.00010472
1624391965908000,1,64.00000000,0.00010313
1624392003311000,1,4.58356366,0.00010301
1624392876671000,1,64.00000000,0.00010408
1624392876671000,1,147.33773473,0.00010407
1624392876743000,1,41.22274025,0.00010404
1624392877017000,1,69.92735982,0.00010408
1624392877228000,1,124.50198018,0.00010408
1624394711870000,0,255.57066000,0.00010521
1624394711946000,0,90.43597000,0.00010521
1624394711966000,0,0.00000304,0.00010521
1624394711966000,0,8.35709229,0.00010521
1624395291562000,0,259.56403000,0.00010584
1624395291643000,0,450.00000000,0.00010584
1624395292080000,0,148.15531000,0.00010584
1624395293417000,0,0.00000525,0.00010584
1624400556101000,1,7.00000000,0.00010408
1624400977835000,1,358.07779000,0.00010289
1624400977940000,1,0.00000339,0.00010289
1624400977940000,1,149.90772661,0.00010286
1624400978073000,1,0.00000765,0.00010286
1624400978073000,1,63.99999235,0.00010283
1624400979490000,1,64.00000000,0.00010272
1624402653913000,0,164.85923399,0.00010248
1624403106265000,1,64.00000000,0.00010286
