timestamp ms,type,amount,price
1624756773954000,1,422.39027000,0.00011015
1624757398051000,1,831.01354338,0.00010994
1624757409072000,1,200.00000000,0.00010946
1624760253589000,1,138.51323000,0.00011008
1624760592702000,1,0.00000960,0.00011008
1624760592702000,1,137.21994040,0.00010990
1624761354059000,1,137.52300762,0.00011042
1624761439487000,0,66.00000000,0.00011097
1624761440090000,0,66.00000000,0.00011106
1624769754836000,1,37.81668871,0.00010951
1624769966375000,1,937.42038073,0.00010903
1624775644349000,1,139.69765000,0.00010819
1624776764802000,1,36.71586715,0.00010851
1624778723168000,0,330.88382501,0.00010841
1624780139812000,0,13.77384508,0.00010866
1624780139812000,0,37.33512107,0.00010874
1624780878764000,1,265.24857000,0.00010869
1624784460403000,1,140.01111921,0.00010805
1624787276514000,1,141.45751000,0.00010860
1624788152760000,1,51.10896615,0.00010850
1624790718798000,1,141.14716000,0.00010874
1624790719281000,1,0.00000505,0.00010874
1624790719281000,1,249.99999495,0.00010870
1624790719356000,1,174.57403000,0.00010875
1624790719648000,1,174.57404000,0.00010870
1624790734104000,1,200.00000000,0.00010851
1624790734178000,1,221.22985000,0.00010851
1624793239398000,1,421.71251375,0.00010750
1624793239398000,1,272.53945000,0.00010749
1624793239485000,0,695.39761799,0.00010748
1624793417838000,1,140.57234523,0.00010753
1624798118135000,1,140.33908056,0.00010655
1624801611378000,0,338.51560199,0.00010648
1624801611378000,0,57.07513840,0.00010650
1624801611406000,1,431.53386332,0.00010652
1624801611545000,1,57.07513840,0.00010652
1624813504620000,1,71.46374158,0.00010541
1624829953144000,0,43.04581994,0.00010675
1624829954307000,0,426.90233112,0.00010674
1624829954480000,0,0.21359540,0.00010674
1624829954480000,0,0.02153669,0.00010675
1624829954480000,0,429.86799698,0.00010679
1624829954813000,0,43.06735663,0.00010675
1624829954813000,0,0.21550571,0.00010679
1624829954813000,0,86.09483218,0.00010680
1624829954976000,0,43.11055004,0.00010680
1624829957190000,0,43.10089540,0.00010665
1624829957374000,0,0.02157760,0.00010665
1624829957374000,0,424.53531176,0.00010679
1624829973773000,0,0.02164229,0.00010680
1624829973773000,0,24.70849582,0.00010681
1624829984459000,0,13.69293472,0.00010679
1624829984590000,0,68.99451441,0.00010679
1624829984728000,0,0.03468985,0.00010679
1624829984728000,0,206.78665852,0.00010680
1624829984728000,0,274.46245079,0.00010680
1624829984835000,0,59.04976746,0.00010679
1624829984930000,0,422.19933254,0.00010679
1624829984930000,0,58.80912990,0.00010680
1624829985146000,0,206.65259167,0.00010679
1624829985309000,0,0.10341358,0.00010679
1624829985309000,0,204.20589751,0.00010680
1624829986020000,0,481.28379916,0.00010679
1624830016183000,0,48.54926740,0.00010688
1624830016340000,0,48.56901203,0.00010685
1624830016340000,0,24.23532357,0.00010688
1624830016553000,0,48.58114262,0.00010688
1624830016716000,0,0.02435124,0.00010688
1624830016716000,0,28.67155650,0.00010688
1624830016860000,0,19.88750635,0.00010688
1624830017012000,0,0.00994918,0.00010688
1624830017012000,0,28.67155844,0.00010689
1624830017196000,0,0.01442060,0.00010689
1624830017196000,0,425.41077367,0.00010691
1624830017352000,0,121.37497378,0.00010690
1624830017352000,0,0.21291445,0.00010691
1624830017352000,0,67.00000000,0.00010693
1624830017352000,0,193.96552567,0.00010693
1624830017545000,0,46.37612796,0.00010690
1624830017545000,0,75.12953414,0.00010690
1624830017805000,0,28.68597904,0.00010689
1624830017805000,0,14.91353863,0.00010690
1624830017963000,0,28.69341037,0.00010693
1624830018123000,0,87.19962161,0.00010693
1624830018257000,0,46.37612796,0.00010693
1624830018257000,0,0.02046948,0.00010694
1624830018459000,0,143.43516630,0.00010694
1624830018628000,0,0.07178104,0.00010694
1624830018628000,0,86.01474742,0.00010695
1624830018870000,0,85.97167377,0.00010694
1624830019524000,0,66.96640652,0.00010693
1624830019858000,0,28.68597904,0.00010689
1624830019858000,0,0.03359348,0.00010693
1624830019858000,0,0.04318969,0.00010695
1624830019858000,0,396.02866288,0.00010697
1624830020957000,0,28.13140709,0.00010697
1624830020957000,0,83.99348774,0.00010700
1624830024583000,0,67.00000000,0.00010696
1624830024583000,0,13.44302314,0.00010699
1624830029873000,0,14.34816793,0.00010691
1624830030016000,0,0.00723299,0.00010691
1624830030016000,0,143.52741682,0.00010694
1624830030016000,0,337.74914935,0.00010694
1624830030201000,0,95.56487366,0.00010694
1624830030368000,0,0.04785840,0.00010694
1624830030368000,0,86.01474561,0.00010695
1624830030549000,0,85.97167377,0.00010694
1624830031057000,0,14.34816793,0.00010691
1624830031215000,0,0.00723299,0.00010691
1624830031215000,0,0.04319150,0.00010695
1624830031215000,0,86.01479626,0.00010695
1624830032935000,0,14.34816793,0.00010691
1624830034978000,0,0.00723299,0.00010691
1624830034978000,0,14.34813366,0.00010691
1624830036916000,0,0.00726726,0.00010691
1624830036916000,0,14.34819288,0.00010691
1624830038373000,0,29.29095991,0.00010690
1624830038547000,0,0.01465383,0.00010690
1624830038547000,0,73.22737848,0.00010690
1624830038707000,0,0.00720804,0.00010691
1624830038707000,0,426.43450138,0.00010691
1624830038868000,0,41.01531330,0.00010689
1624830039020000,0,29.30453266,0.00010690
1624830039020000,0,73.21004035,0.00010690
1624830040039000,0,14.34624896,0.00010684
1624830041878000,0,0.00725787,0.00010684
1624830041878000,0,14.34628807,0.00010684
1624830043907000,0,0.00721876,0.00010684
1624830043907000,0,14.34623364,0.00010684
1624830045881000,0,0.00727319,0.00010684
1624830045881000,0,14.34627275,0.00010684
1624830048008000,0,0.00723408,0.00010684
1624830048008000,0,14.34631186,0.00010684
1624830049985000,0,0.00719497,0.00010684
1624830049985000,0,14.34625743,0.00010684
1624830071527000,0,0.00724940,0.00010684
1624830071527000,0,23.73924685,0.00010686
1624830074876000,0,14.34791187,0.00010679
1624830075081000,0,0.00721622,0.00010679
1624830075081000,0,112.30667085,0.00010687
1624830076885000,0,14.34791187,0.00010679
1624830089053000,0,0.00721622,0.00010679
1624830089053000,0,321.06151316,0.00010687
1624830097246000,0,23.21176469,0.00010686
1624830097409000,0,0.01163247,0.00010686
1624830097409000,0,0.16065334,0.00010687
1624830097409000,0,66.96628379,0.00010688
1624830097540000,0,67.09333155,0.00010686
1624830101028000,0,435.48253344,0.00010687
1624830101434000,0,56.75281844,0.00010686
1624830101614000,0,22.70144538,0.00010686
1624830101777000,0,0.01137348,0.00010686
1624830101777000,0,56.75276253,0.00010686
1624830102062000,0,0.02845289,0.00010686
1624830102062000,0,0.21792542,0.00010687
1624830102062000,0,22.71613822,0.00010688
1624830102062000,0,425.87665005,0.00010691
1624830102218000,0,402.13459853,0.00010686
1624830177909000,0,14.39621484,0.00010654
1624831073063000,0,14.21709698,0.00010738
1624831073063000,0,7.17193985,0.00010744
1624831073063000,0,46.61760902,0.00010744
1624831073063000,0,7.17260781,0.00010744
1624831073063000,0,36.87976266,0.00010745
1624831073152000,0,14.21709698,0.00010738
1624831073152000,0,15.88799184,0.00010745
1624831073289000,0,14.22508491,0.00010745
1624831073451000,0,0.00716059,0.00010745
1624831073451000,0,42.68337625,0.00010746
1624831073662000,0,42.68337000,0.00010745
1624831073662000,0,0.02149963,0.00010746
1624831073662000,0,386.77005937,0.00010747
1624831073793000,0,7.17193985,0.00010745
1624831073793000,0,65.58133492,0.00010745
1624831073951000,0,278.38749325,0.00010745
1624831074088000,0,42.87684804,0.00010747
1624831074691000,0,66.96650000,0.00010743
1624831074819000,0,14.21709698,0.00010738
1624831074819000,0,0.03350000,0.00010743
1624831074819000,0,42.70487588,0.00010746
1624831074819000,0,0.02145675,0.00010747
1624831074819000,0,9.13439259,0.00010755
1624831076873000,0,14.20997099,0.00010738
1624831077967000,0,0.00712599,0.00010738
1624831077967000,0,424.45074275,0.00010743
1624831078105000,0,0.21243012,0.00010743
1624831078105000,0,421.04302597,0.00010751
1624831565266000,0,268.28484000,0.00010645
1624831576334000,1,337.41580248,0.00010634
1624831720082000,0,5.92768673,0.00010634
1624831720082000,0,14.81848299,0.00010634
1624831720082000,0,67.00000000,0.00010635
1624831720082000,0,14.82387860,0.00010636
1624831720082000,0,10.21911850,0.00010643
1624831729038000,0,5.12566058,0.00010637
1624831729038000,0,12.80585990,0.00010637
1624831729163000,0,0.00898028,0.00010637
1624831729163000,0,33.29606610,0.00010637
1624831729291000,0,0.01670882,0.00010637
1624831729291000,0,426.21545295,0.00010638
1624831730595000,0,12.81466628,0.00010638
1624831730595000,0,5.11667188,0.00010638
1624831776718000,0,419.06135000,0.00010672
1624831877503000,1,270.42907000,0.00010608
1624831877714000,0,564.08657000,0.00010607
1624831998354000,0,42.15409790,0.00010602
1624831998354000,0,126.46229369,0.00010603
1624831998354000,0,42.15408841,0.00010604
1624832003456000,0,42.15953000,0.00010588
1624832667269000,0,3.96909057,0.00010708
1624832667269000,0,27.39588873,0.00010709
1624832667269000,0,9.92272642,0.00010711
1624832667269000,0,66.74698161,0.00010712
1624832688365000,0,41.18636066,0.00010712
1624832688502000,0,0.02060932,0.00010712
1624832688502000,0,123.55892099,0.00010718
1624832689258000,0,0.06198894,0.00010718
1624832689258000,0,205.93166170,0.00010724
1624832712660000,0,41.25846059,0.00010713
1624832712840000,0,0.02067431,0.00010713
1624832712840000,0,82.47403530,0.00010715
1624834748355000,1,324.44870000,0.00010663
1624835819962000,1,261.60743000,0.00010705
1624841298767000,1,135.32307000,0.00010658
1624842257015000,1,134.60206000,0.00010712
1624849098744000,1,136.16681000,0.00010661
1624851991457000,1,363.09909000,0.00010564
1624851991516000,1,137.06197963,0.00010564
1624853170655000,0,137.17676463,0.00010588
1624856753414000,0,8.13403515,0.00010588
1624856904298000,0,137.49160000,0.00010583
1624856904510000,0,0.00000172,0.00010583
1624859602459000,0,136.85747000,0.00010606
1624863790757000,1,60.60830999,0.00010616
1624864750207000,0,400.00000000,0.00010664
1624866004579000,0,79.93387283,0.00010648
1624868620429000,1,133.15007470,0.00010738
1624868620429000,1,81.94617405,0.00010736
