timestamp ms,type,amount,price
1625357318558000,1,190.56810403,0.7305
1625357326559000,1,101.88297807,0.7304
1625357329638000,1,101.71245613,0.7302
1625357330182000,1,157.65785000,0.7301
1625357335440000,1,99.44841695,0.7304
1625357335440000,1,103.23355964,0.7301
1625357335943000,1,250.00000000,0.7304
1625357335943000,1,97.42428081,0.7303
1625357349871000,1,105.71589000,0.7301
1625357503646000,0,100.71535603,0.7286
1625357503646000,0,565.28464397,0.7290
1625357805175000,1,143.57176000,0.7271
1625357853597000,1,103.53361000,0.7289
1625357867320000,0,250.00000000,0.7305
1625357916263000,0,250.00000000,0.7350
1625357917381000,0,118.16269669,0.7350
1625357956679000,0,190.56810403,0.7378
1625357984385000,1,250.00000000,0.7369
1625357985662000,1,106.48687000,0.7359
1625358002347000,1,73.44924000,0.7378
1625358003747000,0,93.79298000,0.7372
1625358005699000,1,250.00000000,0.7345
1625358006775000,1,104.22874000,0.7368
1625358009460000,1,250.00000000,0.7342
1625358022748000,1,190.14710778,0.7330
1625358025003000,1,0.00002263,0.7330
1625358025003000,1,101.76070733,0.7330
1625358025003000,1,96.04298552,0.7327
1625358130112000,1,360.55851763,0.7307
1625359020743000,1,59.61751000,0.7273
1625359020743000,1,127.21989000,0.7271
1625359020743000,1,0.09515000,0.7267
1625359023588000,1,249.99998623,0.7260
1625359350965000,1,64.99783000,0.7266
1625359373143000,1,51.64925000,0.7265
1625359383488000,1,42.76905000,0.7265
1625359383488000,1,8.91567000,0.7258
1625359530845000,1,46.94662000,0.7262
1625359532023000,0,42.47158000,0.7266
1625359537263000,1,249.99998622,0.7255
1625359565991000,1,42.19217000,0.7257
1625359715613000,1,35.82814000,0.7254
1625359715613000,1,0.02722000,0.7250
1625359885227000,0,250.00000000,0.7256
1625359886275000,0,103.33311919,0.7256
1625359886275000,0,103.86795117,0.7256
1625360210598000,1,29.74214000,0.7249
1625360693968000,1,31.39585000,0.7246
1625360722719000,1,28.08258000,0.7246
1625360722719000,1,0.01989000,0.7234
1625360745357000,1,30.27161000,0.7245
1625360748312000,1,250.00000000,0.7228
1625360750868000,1,39.43767000,0.7220
1625360762874000,1,250.00000000,0.7195
1625360766983000,1,249.99998609,0.7188
1625360779885000,1,250.00000000,0.7188
1625360787738000,1,101.89174296,0.7186
1625360787738000,1,100.94233134,0.7184
1625360787738000,1,47.15896521,0.7183
1625360787959000,1,148.10129655,0.7187
1625360792059000,1,100.10244900,0.7183
1625360792454000,1,102.73858579,0.7183
1625360795479000,1,250.00000000,0.7179
1625360798160000,1,250.00000000,0.7174
1625360811682000,1,250.00000000,0.7165
1625360819982000,1,203.66454300,0.7160
1625360820287000,1,46.33545700,0.7160
1625360820287000,1,203.66454300,0.7157
1625360830691000,1,99.47940217,0.7150
1625360830691000,1,150.52054186,0.7146
1625360853912000,1,249.99998600,0.7140
1625360920047000,0,125.26735700,0.7111
1625360921842000,0,124.73262894,0.7111
1625361197475000,1,250.00000000,0.7125
1625362135247000,1,99.12523713,0.7110
1625362135873000,1,250.00000000,0.7110
1625362184560000,1,31.30708000,0.7106
1625362185309000,1,826.88794367,0.7100
1625362288251000,1,173.11202817,0.7100
1625362412616000,0,250.00000000,0.7113
1625363021869000,0,28.00000000,0.7138
1625367671915000,0,250.00000000,0.7200
1625367673012000,0,250.00000000,0.7200
1625367674693000,0,250.00000000,0.7200
1625367675091000,0,76.88794367,0.7200
1625367675091000,0,173.11202817,0.7200
1625367695719000,1,250.00000000,0.7240
1625367699940000,0,250.00000000,0.7247
1625367707207000,0,144.00000000,0.7277
1625367721086000,1,250.00000000,0.7260
1625367745953000,0,250.00000000,0.7204
1625367750428000,0,250.00000000,0.7213
1625367751532000,0,666.44696000,0.7213
1625367751609000,1,101.47302256,0.7210
1625367751609000,1,250.00000000,0.7207
1625367751709000,0,250.00000000,0.7203
1625367751802000,0,292.24957641,0.7203
1625367752174000,0,54.00806103,0.7203
1625367754653000,1,1015.37115000,0.7230
1625367768519000,1,221.58998000,0.7246
1625367770643000,1,231.71877000,0.7264
1625367775826000,1,237.83577000,0.7232
1625367778735000,0,250.00000000,0.7240
1625367782240000,1,96.45674164,0.7255
1625367782312000,0,160.01053826,0.7253
1625367782376000,0,0.00000001,0.7253
1625367788061000,1,250.00000000,0.7278
1625367792359000,1,62.64717000,0.7278
1625367801781000,0,144.00000000,0.7278
1625367801781000,0,62.64717000,0.7278
1625367807463000,1,250.00000000,0.7283
1625367826890000,1,131.41810000,0.7304
1625367832056000,1,136.87365000,0.7299
1625369232469000,0,250.00000000,0.7248
1625369329519000,1,250.00000000,0.7275
1625369359618000,0,250.00000000,0.7320
1625369375777000,1,103.44984000,0.7327
1625369384889000,0,250.00000000,0.7340
1625369385378000,0,113.69748703,0.7340
1625369393791000,1,141.82289000,0.7336
1625369395573000,1,120.05550000,0.7338
1625369398600000,1,106.88628000,0.7331
1625369437705000,1,103.90490000,0.7307
1625369438908000,1,133.01539000,0.7302
1625369440774000,1,51.62071000,0.7301
1625369440837000,0,198.37927627,0.7280
1625369562809000,0,250.00000000,0.7272
1625369564566000,1,250.00000000,0.7276
1625369565544000,0,250.00000000,0.7276
1625369571186000,0,250.00000000,0.7301
1625369585988000,1,61.85275000,0.7321
1625369602326000,1,250.00000000,0.7335
1625369606810000,1,250.00000000,0.7316
1625369618805000,1,98.30572914,0.7306
1625369618805000,1,98.67327913,0.7304
1625369618871000,0,250.00000000,0.7304
1625369622047000,0,250.00000000,0.7304
1625369633807000,1,250.00000000,0.7300
1625369643748000,1,250.00000000,0.7268
1625369644762000,1,250.00000000,0.7265
1625369656634000,1,249.99997672,0.7233
1625369665531000,1,0.00000001,0.7233
1625369774625000,1,250.00000000,0.7260
1625369795327000,0,250.00000000,0.7262
1625369796606000,1,96.65513633,0.7264
1625369810820000,0,250.00000000,0.7298
1625369825634000,1,250.00000000,0.7308
1625369839753000,1,250.00000000,0.7311
1625369842090000,1,249.10499810,0.7299
1625369844629000,1,108.40518000,0.7295
1625369903355000,1,111.21529000,0.7274
1625370032579000,1,250.00000000,0.7312
1625370902781000,1,118.20961000,0.7273
1625371098425000,1,250.00000000,0.7284
1625371112187000,1,250.00000000,0.7304
1625372056491000,1,104.90807000,0.7252
1625372079771000,1,91.90057000,0.7255
1625372080918000,0,250.00000000,0.7253
1625372096957000,1,77.83638000,0.7253
1625372113760000,1,91.96140000,0.7252
1625372129729000,0,72.59282000,0.7250
1625372243732000,0,250.00000000,0.7256
1625372295235000,0,250.00000000,0.7318
1625372326330000,1,59.23166000,0.7295
1625372338236000,1,63.59784000,0.7291
1625372463165000,1,250.00000000,0.7291
1625372627957000,1,250.00000000,0.7289
1625372902352000,1,250.00000000,0.7270
1625372967598000,1,250.00000000,0.7261
1625373069172000,1,100.47724552,0.7229
1625373069172000,1,369.35114956,0.7228
1625373069172000,1,102.12421443,0.7227
1625373069172000,1,250.00000000,0.7222
1625373069172000,1,2387.09551550,0.7217
1625373716571000,1,60.03332000,0.7221
1625374262761000,1,57.01028000,0.7223
1625374363218000,1,250.00000000,0.7276
1625374368184000,1,67.60835000,0.7269
1625374414710000,1,250.00000000,0.7250
1625374682127000,0,48.13058000,0.7272
1625374709129000,1,47.83251000,0.7275
1625374912143000,1,30.78048000,0.7279
1625374913838000,0,28.65253000,0.7279
1625374914430000,1,249.99998622,0.7254
1625375373447000,0,249.99998620,0.7244
1625375907918000,1,37.52907000,0.7229
1625376424635000,1,96.00907237,0.7243
1625376425209000,1,250.00000000,0.7244
1625376477924000,1,250.00000000,0.7249
1625376498803000,1,31.17909000,0.7262
1625376551128000,0,28.07264000,0.7307
1625376563316000,0,400.17520659,0.7310
1625376570745000,1,31.40541000,0.7313
1625376575991000,1,28.73384000,0.7306
1625376948722000,1,250.00000000,0.7325
1625377306402000,0,250.00000000,0.7319
1625377618003000,0,190.14713041,0.7380
1625377625638000,1,250.00000000,0.7371
1625377636547000,1,250.00000000,0.7373
1625377679917000,1,250.00000000,0.7393
1625377703365000,1,249.99999999,0.7378
1625377972321000,1,28.84095000,0.7335
1625378229761000,0,250.00000000,0.7339
1625378413868000,1,250.00000000,0.7358
1625378417167000,1,250.00000000,0.7367
1625378427223000,1,250.00000000,0.7391
1625378570165000,1,250.00000000,0.7373
1625378618627000,1,250.00000000,0.7354
1625378623330000,0,250.00000000,0.7352
1625378707904000,0,250.00000000,0.7353
1625378771254000,0,249.99998641,0.7361
1625378771666000,0,250.41213191,0.7369
1625378771666000,0,744.40380000,0.7391
1625378772200000,0,250.00000000,0.7418
1625378773365000,1,250.00000000,0.7393
1625378774426000,1,151.62680051,0.7376
1625378807059000,1,250.00000000,0.7464
1625378811607000,1,250.00000000,0.7478
1625378815166000,1,98.13480000,0.7491
1625379313857000,1,250.00000000,0.7406
1625379783609000,0,250.00000000,0.7415
1625379930981000,1,250.00000000,0.7399
1625380406495000,1,250.00000000,0.7412
1625380472544000,1,250.00000000,0.7386
1625380770757000,1,99.91316000,0.7416
1625380889273000,0,250.00000000,0.7432
1625380890361000,1,91.28927000,0.7419
1625381177844000,1,85.85414000,0.7398
1625381177844000,1,164.14586000,0.7398
1625381179164000,1,55.35672000,0.7398
1625381322166000,1,29.50000000,0.7418
1625382118164000,0,250.00000000,0.7419
1625382122312000,0,250.00000000,0.7419
1625382377381000,1,48.78045000,0.7404
1625382484111000,0,250.00000000,0.7375
1625382619308000,0,250.00000000,0.7378
1625382709458000,1,56.60610000,0.7379
1625383160279000,1,250.00000000,0.7366
1625383169185000,1,250.00000000,0.7363
1625383356170000,1,46.11199000,0.7363
1625383374008000,1,42.46916000,0.7363
1625383396768000,1,54.28275000,0.7362
1625383420360000,1,49.32128000,0.7361
1625383437761000,1,45.14293000,0.7363
1625383469757000,1,35.81737000,0.7362
1625383488170000,1,27.58510000,0.7361
1625383491158000,1,35.52663000,0.7361
1625383508353000,1,30.27965000,0.7360
1625383526770000,1,32.02620000,0.7361
1625383545292000,0,250.00000000,0.7364
1625383552980000,1,29.91593000,0.7366
1625383859841000,1,101.65969743,0.7358
1625383859841000,1,97.60880964,0.7358
1625383859841000,1,98.83913880,0.7356
1625383859841000,1,116.89235413,0.7355
1625384260155000,1,28.44280000,0.7358
1625384418489000,1,250.00000000,0.7361
1625384678615000,1,250.00000000,0.7337
1625384731563000,1,250.00000000,0.7357
1625384912133000,1,377.19410168,0.7349
1625384912133000,1,250.00000000,0.7347
1625384912133000,1,96.79244019,0.7347
1625384912133000,1,101.07973466,0.7345
1625384912133000,1,1499.15524604,0.7342
1625384971106000,1,28.00000000,0.7349
1625385164083000,1,192.59863945,0.7350
1625385164083000,1,51.26770000,0.7326
1625385164083000,1,551.13366055,0.7311
1625385261413000,1,250.00000000,0.7336
1625385331547000,0,143.99998639,0.7346
1625385331547000,0,106.00001361,0.7346
1625385368344000,1,250.00000000,0.7355
1625385415980000,1,250.00000000,0.7345
1625385441292000,1,250.00000000,0.7337
1625386011653000,1,250.00000000,0.7317
1625386029329000,1,213.79463700,0.7306
1625386076184000,1,40.01369863,0.7300
1625386133570000,1,101.76933952,0.7296
1625386134257000,1,250.00000000,0.7297
1625386136690000,1,250.00000000,0.7293
1625386228675000,1,29.32125000,0.7292
1625386424979000,0,249.99998634,0.7327
1625386424979000,0,0.00001366,0.7327
1625386544869000,1,250.00000000,0.7324
1625387057147000,1,99.14324755,0.7317
1625387057147000,1,103.37235320,0.7316
1625387057147000,1,250.00000000,0.7314
1625387057147000,1,27.79460053,0.7314
1625387745354000,1,250.00000000,0.7325
1625387930598000,1,103.01199453,0.7323
1625387931118000,1,103.90677782,0.7322
1625388016818000,1,250.00000000,0.7319
1625388064293000,0,103.01199453,0.7325
1625388064293000,0,103.90677782,0.7325
1625388064372000,1,43.08122765,0.7329
1625388386957000,1,250.00000000,0.7327
1625388503638000,0,250.00000000,0.7329
1625388935684000,0,99.27513197,0.7333
1625388935741000,1,250.00000000,0.7333
1625388935769000,1,251.34127649,0.7333
1625389148402000,1,250.00000000,0.7321
1625389158661000,1,250.00000000,0.7311
1625389643888000,0,250.00000000,0.7304
1625389645115000,0,250.00000000,0.7304
1625389646414000,0,250.00000000,0.7304
1625389730459000,1,250.00000000,0.7288
1625389850118000,1,250.00000000,0.7282
1625389999989000,0,250.00000000,0.7293
1625390044492000,0,250.00000000,0.7301
1625390153914000,1,250.00000000,0.7313
1625390178479000,1,250.00000000,0.7325
1625390185588000,1,250.00000000,0.7324
1625390187815000,1,250.00000000,0.7311
1625390818906000,1,250.00000000,0.7283
1625390917352000,1,250.00000000,0.7270
1625390946921000,0,250.00000000,0.7270
1625390963876000,1,250.00000000,0.7256
1625391011380000,0,250.00000000,0.7266
1625391012400000,0,250.00000000,0.7266
1625391013776000,0,250.00000000,0.7266
1625391014811000,0,250.00000000,0.7266
1625391097693000,0,28.00000000,0.7259
1625391163116000,1,27.62000000,0.7250
1625391163116000,1,222.38000000,0.7248
1625391500011000,1,250.00000000,0.7251
1625391568374000,1,97.09391363,0.7244
1625391568891000,1,250.00000000,0.7246
1625391569595000,0,250.00000000,0.7248
1625392302871000,1,250.00000000,0.7261
1625392370524000,1,250.00000000,0.7258
1625392418643000,1,250.00000000,0.7256
1625392718387000,1,250.00000000,0.7268
1625392728785000,1,250.00000000,0.7258
1625393066257000,1,250.00000000,0.7254
1625393687588000,0,250.00000000,0.7257
1625393817176000,1,249.99997241,0.7248
1625394811161000,1,250.00000000,0.7241
1625394879810000,0,250.00000000,0.7257
1625394963448000,0,250.00000000,0.7256
1625395008900000,1,250.00000000,0.7256
1625395643939000,0,50.00000000,0.7262
1625395734881000,1,250.00000000,0.7256
1625396137822000,0,40.00000000,0.7268
1625396376891000,0,250.00000000,0.7263
1625396405903000,0,250.00000000,0.7266
1625396539330000,1,250.00000000,0.7254
1625397054236000,1,250.00000000,0.7230
1625397221366000,1,99.19273595,0.7214
1625397222000000,1,250.00000000,0.7215
1625397222000000,1,97.20001805,0.7214
1625397226022000,1,98.60868876,0.7212
1625397239327000,1,250.00000000,0.7211
1625397239829000,1,250.00000000,0.7213
1625397239829000,1,100.43445726,0.7211
1625397258141000,1,250.00000000,0.7208
1625397391210000,1,250.00000000,0.7204
1625397616524000,1,250.00000000,0.7233
1625398421173000,1,250.00000000,0.7236
1625398424714000,1,394.54221547,0.7236
1625398426517000,1,413.90840993,0.7236
1625398432863000,1,405.17767950,0.7236
1625398494243000,1,1013.32560291,0.7236
1625399029582000,0,250.00000000,0.7240
1625399164885000,1,250.00000000,0.7244
1625399256210000,0,250.00000000,0.7252
1625399555524000,1,100.25830137,0.7251
1625399640207000,0,92.34033808,0.7251
1625399812675000,1,250.00000000,0.7256
1625399920309000,0,250.00000000,0.7263
1625400017292000,1,250.00000000,0.7244
1625400155699000,0,249.99998620,0.7258
1625400155794000,1,250.00000000,0.7258
1625400273759000,1,100.09791854,0.7261
1625400328949000,0,250.00000000,0.7265
1625400328970000,1,96.95914176,0.7261
1625400336037000,1,101.50590580,0.7261
1625400336590000,1,250.00000000,0.7263
1625401113799000,1,77.38465674,0.7258
1625401188774000,1,250.00000000,0.7231
1625402592566000,1,250.00000000,0.7286
1625403179973000,1,96.54468049,0.7279
1625403179973000,1,250.00000000,0.7278
1625403179973000,1,394.68915284,0.7276
1625403179973000,1,97.43886153,0.7276
1625403179973000,1,1732.94405066,0.7274
1625403179973000,1,764.62650000,0.7272
1625403179973000,1,102.43584091,0.7272
1625403179973000,1,2500.00000000,0.7270
1625403179973000,1,144.00000000,0.7266
1625403179973000,1,2024.23600000,0.7262
1625403179973000,1,405.41411948,0.7262
1625403179973000,1,2311.22417481,0.7261
1625403179973000,1,492.00000000,0.7258
1625403179973000,1,753.60069289,0.7243
1625403179973000,1,2887.39957998,0.7233
1625403179973000,1,4764.00000000,0.7229
1625403179973000,1,194.25511197,0.7189
1625403179973000,1,29.31070000,0.7180
1625403179973000,1,2434.00000000,0.7175
1625403179973000,1,958.00000000,0.7173
1625403179973000,1,30.22561000,0.7173
1625403179973000,1,5779.42522738,0.7173
1625403179973000,1,29.13336000,0.7144
1625403179973000,1,28.16000000,0.7133
1625403179973000,1,28.87054000,0.7110
1625403179973000,1,58.61771854,0.7077
1625403179973000,1,29.66612000,0.7077
1625403179973000,1,3849.49915292,0.7049
1625403222791000,1,250.00000000,0.7277
1625403229789000,1,250.00000000,0.7271
1625403229973000,0,242.00000000,0.7271
1625403233392000,1,250.00000000,0.7271
1625403235875000,0,242.00000000,0.7271
1625403241226000,1,250.00000000,0.7271
1625403241381000,0,242.00000000,0.7271
1625403244933000,1,250.00000000,0.7271
1625403248760000,1,250.00000000,0.7261
1625403248948000,0,241.99996525,0.7261
1625403248971000,0,0.00003475,0.7261
1625403252708000,1,250.00000000,0.7261
1625403252973000,0,242.00000000,0.7261
1625403256841000,1,250.00000000,0.7261
1625403256974000,0,242.00000000,0.7261
1625403260649000,1,250.00000000,0.7261
1625403260774000,0,242.00000000,0.7261
1625403264328000,1,250.00000000,0.7261
1625403264570000,0,242.00000000,0.7261
1625403268763000,1,250.00000000,0.7261
1625403268972000,0,242.00000000,0.7261
1625403300710000,1,250.00000000,0.7261
1625403316068000,1,250.00000000,0.7226
1625403424628000,1,250.00000000,0.7168
1625403486816000,0,250.00000000,0.7161
1625403488353000,0,250.00000000,0.7164
1625403534954000,0,1999.30378899,0.7161
1625403538079000,0,477.65009628,0.7161
1625403545842000,0,0.00002254,0.7161
1625403545842000,0,477.89975746,0.7165
1625403548972000,1,250.00000000,0.7154
1625403668643000,0,250.00000000,0.7158
1625403933317000,1,250.00000000,0.7162
1625403935452000,0,100.73651305,0.7158
1625403935452000,0,144.00000000,0.7161
1625403935452000,0,5.26348695,0.7161
1625404449532000,0,144.00000000,0.7169
1625404475129000,1,250.00000000,0.7165
1625404477411000,1,250.00000000,0.7165
1625404483629000,1,123.01529000,0.7165
1625404483937000,1,126.98469605,0.7165
1625404528460000,0,144.00000000,0.7169
1625404607061000,0,144.00000000,0.7173
1625404607061000,0,106.00000000,0.7173
1625404666840000,0,148.69216824,0.7182
1625404667842000,0,144.00000000,0.7183
1625404713147000,1,250.00000000,0.7179
1625404887717000,1,193.76880322,0.7190
1625404887948000,0,250.00000000,0.7195
1625405226736000,0,250.00000000,0.7190
1625405510260000,1,250.00000000,0.7185
1625405748962000,0,144.00000000,0.7197
1625405750190000,0,250.00000000,0.7200
1625405983491000,1,250.00000000,0.7193
1625405984645000,0,249.99995320,0.7179
1625405995056000,0,99.47477178,0.7191
1625405995056000,0,103.08995019,0.7197
1625405995056000,0,47.66092803,0.7201
1625407092668000,0,144.00000000,0.7189
1625407540992000,0,144.00000000,0.7193
1625407540992000,0,106.00000000,0.7193
1625407545841000,0,194.25511196,0.7201
1625407547283000,0,0.00000001,0.7201
1625407556825000,0,144.00000000,0.7213
1625407627407000,1,250.00000000,0.7208
1625407806272000,1,250.00000000,0.7209
1625407816890000,0,28.00000000,0.7215
1625407816890000,0,96.73268012,0.7216
1625408189748000,0,144.00000000,0.7221
1625409443514000,0,144.00000000,0.7221
1625409455420000,1,250.00000000,0.7201
1625409456888000,0,186.95124200,0.7201
1625409571837000,1,250.00000000,0.7196
1625409872314000,1,101.21355052,0.7197
1625409872314000,1,102.76313113,0.7194
1625409872314000,1,196.02331835,0.7193
1625409919632000,0,250.00000000,0.7209
1625409921021000,0,250.00000000,0.7212
1625410803485000,1,250.00000000,0.7218
1625411217499000,1,250.00000000,0.7223
1625411577580000,1,250.00000000,0.7218
1625411577863000,1,415.09911471,0.7218
1625411578042000,1,1154.75153437,0.7218
1625411776882000,1,194.60211463,0.7188
1625411823957000,1,100.33596064,0.7178
1625411823957000,1,92.53257236,0.7176
1625412260830000,1,250.00000000,0.7166
1625412311668000,0,250.00000000,0.7173
1625412315861000,1,194.60208682,0.7192
1625412403084000,0,80.87262804,0.7183
1625412977833000,0,250.00000000,0.7173
1625413036030000,1,250.00000000,0.7168
1625413441260000,0,249.99998606,0.7170
1625413524514000,0,250.00000000,0.7172
1625413541905000,0,250.00000000,0.7175
1625413634044000,1,250.00000000,0.7184
1625413684656000,1,250.00000000,0.7189
1625414619345000,1,250.00000000,0.7202
1625414827533000,1,250.00000000,0.7205
1625414948992000,0,32.10681363,0.7203
1625415117890000,0,249.99998613,0.7207
1625415547703000,0,194.60211462,0.7233
1625415657550000,0,0.00000001,0.7233
1625415747991000,1,250.00000000,0.7238
1625415749401000,1,250.00000000,0.7234
1625415750425000,1,250.00000000,0.7235
1625415980139000,0,97.28116222,0.7254
1625415980139000,0,402.77093857,0.7255
1625415980139000,0,150.00000000,0.7255
1625415980139000,0,696.98098737,0.7256
1625415980139000,0,99.92863840,0.7256
1625415980139000,0,98.82998420,0.7258
1625415980139000,0,97.10124329,0.7261
1625415980139000,0,495.00000000,0.7264
1625415980139000,0,929.52003519,0.7265
1625415980139000,0,250.00000000,0.7267
1625415980139000,0,411.82839017,0.7268
1625415980257000,1,696.98098737,0.7269
1625415980365000,1,5004.48336991,0.7269
1625415980445000,1,98.61668775,0.7239
1625415980445000,1,99.80258066,0.7238
1625415980445000,1,98.18937797,0.7236
1625415980445000,1,250.00000000,0.7235
1625415980445000,1,450.73405362,0.7231
1625415980670000,1,384.16995000,0.7231
1625416096371000,0,150.00000000,0.7274
1625416252335000,1,97.72525493,0.7264
1625416252335000,1,96.38478814,0.7262
1625416252335000,1,324.31328811,0.7261
1625416326273000,1,250.00000000,0.7257
1625416394915000,0,250.00000000,0.7265
1625416663157000,1,250.00000000,0.7249
1625416663637000,1,407.62576476,0.7241
1625417103334000,0,100.17610006,0.7244
1625417103334000,0,100.53751386,0.7246
1625417103334000,0,318.90054193,0.7248
1625417356992000,1,30.00000000,0.7221
1625417639322000,1,250.00000000,0.7233
1625417643752000,0,250.00000000,0.7238
1625417749077000,1,250.00000000,0.7226
1625418194982000,0,59.12729686,0.7233
1625419029657000,0,100.06777785,0.7229
1625419355212000,0,50.00000000,0.7233
1625419495073000,0,250.00000000,0.7253
1625420039467000,1,50.00000000,0.7275
1625420198616000,1,250.00000000,0.7271
1625420244552000,1,144.72164154,0.7271
1625420244552000,1,103.50934037,0.7270
1625420244552000,1,97.08072913,0.7269
1625420244552000,1,96.61759235,0.7266
1625420244552000,1,77.68485246,0.7265
1625420731056000,0,250.00000000,0.7269
1625420923913000,1,50.00000000,0.7265
1625422066079000,1,250.00000000,0.7258
1625422259664000,1,100.00000000,0.7264
1625422362485000,1,250.00000000,0.7254
1625422828781000,0,250.00000000,0.7251
1625422830178000,0,150.00000000,0.7262
1625423707528000,0,100.00000000,0.7264
1625423991930000,1,102.05309204,0.7253
1625423991930000,1,101.66541782,0.7252
1625423991930000,1,0.55677767,0.7249
1625424191959000,1,250.00000000,0.7341
1625424195099000,0,150.00000000,0.7364
1625424230999000,1,250.00000000,0.7348
1625424241649000,1,150.00000000,0.7326
1625424241750000,0,100.00000000,0.7323
1625424241812000,1,107.99998852,0.7323
1625424293850000,0,208.00000900,0.7307
1625424295387000,1,103.11100153,0.7300
1625424394844000,1,250.00000000,0.7327
1625424856248000,1,96.49012278,0.7302
1625424856841000,1,250.00000000,0.7304
1625424888247000,1,374.18989946,0.7289
1625425098405000,1,250.00000000,0.7313
1625427474205000,1,250.00000000,0.7286
1625427474576000,1,394.72164154,0.7269
1625428019513000,0,249.99998628,0.7291
1625428019513000,0,0.00001372,0.7291
1625428030499000,0,250.00000000,0.7298
1625428032007000,0,250.00000000,0.7305
1625428042293000,1,250.00000000,0.7310
1625428066417000,0,150.00000000,0.7344
1625428197492000,1,250.00000000,0.7302
1625428270137000,1,102.92347230,0.7288
1625428362663000,1,97.07652770,0.7284
1625428415946000,0,250.00000000,0.7303
1625428447012000,1,250.00000000,0.7291
1625428465631000,1,250.00000000,0.7324
1625428470126000,1,250.00000000,0.7314
1625428635317000,1,250.00000000,0.7298
1625429047594000,1,103.99579059,0.7270
1625429047594000,1,101.75867198,0.7270
1625429047594000,1,124.20303890,0.7267
1625429222813000,1,250.00000000,0.7260
1625429346347000,1,100.17713611,0.7261
1625429374878000,0,250.00000000,0.7279
1625429466394000,1,100.12004934,0.7306
1625429526768000,1,250.00000000,0.7319
1625429741152000,1,249.99995894,0.7305
1625430075475000,1,250.00000000,0.7299
1625430187000000,1,100.75538940,0.7292
1625430307055000,1,99.33150709,0.7294
1625430307055000,1,1.36984291,0.7292
1625430417011000,1,249.99998629,0.7290
1625430441678000,1,250.00000000,0.7290
1625430512194000,1,250.00000000,0.7289
1625431290927000,1,250.00000000,0.7280
1625431435004000,1,96.08395869,0.7266
1625431435004000,1,10.33669266,0.7263
1625433663771000,1,250.00000000,0.7281
1625434031138000,1,100.06777785,0.7264
1625434953636000,1,250.00000000,0.7309
1625435132696000,0,103.68154056,0.7311
1625435132696000,0,98.66684548,0.7313
1625435132696000,0,97.67986700,0.7316
1625435132696000,0,216.28842205,0.7317
1625436070652000,1,250.00000000,0.7306
1625436531197000,0,100.60430867,0.7315
1625436531197000,0,99.39569133,0.7315
1625436749992000,0,250.00000000,0.7313
1625436751766000,1,250.00000000,0.7327
1625436929422000,1,250.00000000,0.7312
1625437387292000,1,250.00000000,0.7286
1625437395730000,0,250.00000000,0.7326
1625437471636000,0,96.27858910,0.7369
1625437498137000,1,250.00000000,0.7325
1625437828642000,1,250.00000000,0.7281
1625437841162000,1,98.91663989,0.7273
1625437841162000,1,101.08336011,0.7272
1625438470500000,1,172.96628069,0.7263
1625438845498000,0,250.00000000,0.7268
1625438960134000,1,250.00000000,0.7257
1625439234485000,1,250.00000000,0.7217
1625439287558000,1,250.00000000,0.7201
1625439585985000,1,50.00000000,0.7200
1625439661003000,0,250.00000000,0.7195
1625439745047000,0,250.00000000,0.7203
1625439751750000,0,250.00000000,0.7220
1625439940870000,1,250.00000000,0.7186
1625441003421000,1,250.00000000,0.7195
1625441010454000,1,250.00000000,0.7185
1625441690495000,0,250.00000000,0.7197
1625442069584000,1,250.00000000,0.7172
1625442360945000,1,249.99998606,0.7195
1625442777835000,1,250.00000000,0.7187
1625442810677000,0,103.51611328,0.7185
1625442810677000,0,35.43219382,0.7186
1625442943217000,1,250.00000000,0.7163
1625443299891000,1,97.97219831,0.7140
1625443334776000,1,250.00000000,0.7084
1625443335215000,1,175.00000000,0.7039
1625443455853000,0,250.00000000,0.7076
1625444516424000,0,96.86215310,0.7065
1625444516424000,0,102.59201705,0.7067
1625444516424000,0,99.14259339,0.7067
1625444516424000,0,716.25148575,0.7068
1625444516424000,0,398.02759178,0.7071
1625444516424000,0,250.00000000,0.7071
1625444516424000,0,3816.62252328,0.7078
1625444516424000,0,2500.00000000,0.7079
1625444516424000,0,150.00000000,0.7079
1625444516424000,0,473.75349467,0.7080
1625444516780000,0,250.00000000,0.7068
1625445166674000,0,250.00000000,0.7062
1625445167696000,0,250.00000000,0.7062
1625445856351000,1,250.00000000,0.7053
1625447091401000,1,97.91626509,0.7069
1625447091401000,1,77.35501004,0.7068
1625447406028000,1,40.00000000,0.7078
1625447795934000,0,250.00000000,0.7112
1625447798415000,1,249.98944896,0.7116
1625447798475000,1,0.01055104,0.7116
1625447798475000,1,97.88282396,0.7112
1625447798475000,1,5.80564048,0.7110
1625447798987000,1,250.00000000,0.7108
1625447798987000,1,371.93868000,0.7099
1625447801898000,1,249.99297300,0.7116
1625447820993000,1,250.00000000,0.7126
1625447874219000,1,250.00000000,0.7087
1625448162692000,1,250.00000000,0.7114
1625448213892000,1,250.00000000,0.7082
1625448321627000,1,250.00000000,0.7042
1625448497925000,0,250.00000000,0.7024
1625448737212000,1,28.64562000,0.7008
1625448737824000,1,30.00000000,0.7000
1625448737824000,1,50.00000000,0.7000
1625448910174000,1,250.00000000,0.6961
1625449074172000,1,231.61140720,0.6980
1625449629091000,1,29.85995000,0.6963
1625450777263000,0,727.24968055,0.6966
1625450777263000,0,99.67650144,0.6967
1625450777263000,0,102.10592195,0.6969
1625450777263000,0,98.30461153,0.6972
1625450777263000,0,250.00000000,0.6973
1625450777362000,1,1071.83428453,0.6974
1625452508567000,0,250.00000000,0.6947
1625454106038000,0,250.00000000,0.6949
1625454517571000,1,250.00000000,0.6944
1625454518824000,1,250.00000000,0.6947
1625455514533000,1,250.00000000,0.6934
1625455843579000,0,250.00000000,0.6920
1625455843964000,1,1825.17539168,0.6918
1625455843964000,1,244.46880288,0.6915
1625458983058000,0,3138.59363203,0.6914
1625460333211000,1,67.00000000,0.6988
1625460629394000,1,250.00000000,0.6980
1625461195740000,0,99.55705426,0.6970
1625461195740000,0,0.44294574,0.6972
1625462432952000,0,250.00000000,0.6971
1625463357089000,1,101.75017859,0.6935
1625463357089000,1,99.83975728,0.6934
1625463357089000,1,314.72673922,0.6932
1625463844382000,0,98.27408663,0.6949
1625463844382000,0,98.70686190,0.6951
1625463844382000,0,412.44905502,0.6952
1625463844382000,0,728.82962549,0.6953
1625463844382000,0,97.56300751,0.6954
1625463844382000,0,250.00000000,0.6957
1625463844382000,0,2500.00000000,0.6963
1625463844382000,0,401.21793407,0.6964
1625463844382000,0,971.68946811,0.6964
1625463844382000,0,6476.12520235,0.6993
1625463845875000,0,250.00000000,0.6954
1625464442947000,1,250.00000000,0.6988
1625464443489000,0,250.00000000,0.7003
1625464444144000,0,742.60867000,0.7003
1625464446400000,0,250.00000000,0.7002
1625464447459000,0,250.00000000,0.7002
1625464449554000,0,211.64974000,0.7002
1625464451448000,1,250.00000000,0.7006
1625464451581000,0,698.51671000,0.7002
1625464497895000,0,249.99997645,0.7155
1625464499677000,0,918.12547542,0.7144
1625464500025000,0,0.00002458,0.7144
1625464502121000,1,250.00000000,0.7136
1625464502254000,0,673.32063586,0.7136
1625464502370000,0,67.22181414,0.7136
1625464505348000,0,103.60728754,0.7157
1625464514990000,0,97.23091895,0.7179
1625464514990000,0,152.76904585,0.7182
1625464518244000,1,67.46981000,0.7175
1625464520897000,0,250.00000000,0.7165
1625464520972000,0,1697.69410000,0.7165
1625464526003000,0,97.40338463,0.7153
1625464526003000,0,89.24979341,0.7153
1625464532833000,1,250.00000000,0.7114
1625464556937000,1,250.00000000,0.7159
1625464558038000,1,250.00000000,0.7159
1625464559854000,0,139.32039511,0.7178
1625464574160000,0,110.67960489,0.7190
1625464578052000,1,250.00000000,0.7184
1625464579262000,0,250.00000000,0.7190
1625464579846000,0,87.61120161,0.7196
1625464582875000,1,0.18237000,0.7184
1625464582981000,1,250.00000000,0.7159
1625464583311000,1,65.50021000,0.7159
1625464583311000,1,184.49979000,0.7156
1625464583614000,0,395.93561267,0.7184
1625464583614000,0,61.68771733,0.7184
1625464599953000,1,65.50018647,0.7156
1625464599953000,1,101.66084024,0.7153
1625464599953000,1,103.22351880,0.7151
1625464615464000,0,92.39537773,0.7121
1625464653796000,0,250.00000000,0.7077
1625464974657000,0,250.00000000,0.7066
1625465071908000,0,250.00000000,0.7061
1625465300336000,1,299.42629921,0.7036
1625465334331000,1,250.00000000,0.7033
1625465540551000,1,100.19452946,0.7014
1625465780844000,1,100.90178547,0.7024
1625465900971000,1,102.35874733,0.7026
1625466021170000,1,102.65094268,0.7024
1625466141199000,1,97.56670300,0.7021
1625466141199000,1,29.50723200,0.7020
1625466951894000,1,250.00000000,0.7016
1625466982546000,1,250.00000000,0.7016
1625467287675000,1,250.00000000,0.7007
1625467692185000,1,250.00000000,0.7028
1625467706721000,0,250.00000000,0.7055
1625467708430000,0,250.00000000,0.7082
1625467712918000,0,97.68810868,0.7091
1625467712918000,0,99.74977223,0.7093
1625467712918000,0,377.07137705,0.7094
1625467712918000,0,250.00000000,0.7094
1625467712985000,1,100.71185785,0.7100
1625467713005000,1,250.00000000,0.7100
1625467713163000,1,6637.77888419,0.7100
1625467746088000,0,139.68626465,0.7159
1625467750264000,0,90.15943395,0.7147
1625467751447000,1,250.00000000,0.7167
1625467751449000,1,68.28467000,0.7167
1625467752893000,0,181.71533000,0.7171
1625467752947000,1,209.24788999,0.7174
1625467765646000,0,249.99997654,0.7177
1625467771264000,0,250.00000000,0.7193
1625467783663000,1,250.00000000,0.7160
1625467798126000,0,250.00000000,0.7186
1625467799178000,0,250.00000000,0.7186
1625467801578000,1,250.00000000,0.7165
1625467808671000,1,249.99997649,0.7165
1625467811633000,0,250.00000000,0.7165
1625467815267000,0,250.00000000,0.7170
1625467821692000,0,249.99998607,0.7185
1625467821853000,1,0.00001393,0.7186
1625467824087000,1,250.00000000,0.7159
1625467826234000,1,166.81376000,0.7159
1625467826234000,1,83.18624000,0.7158
1625467826892000,1,166.81373648,0.7158
1625467864751000,0,250.00000000,0.7084
1625467864770000,0,894.68446000,0.7084
1625467911449000,0,250.00000000,0.7093
1625467913639000,0,250.00000000,0.7098
1625467914641000,0,250.00000000,0.7098
1625467919532000,1,250.00000000,0.7099
1625467920967000,1,206.53737000,0.7099
1625467933735000,1,250.00000000,0.7096
1625467935418000,1,250.00000000,0.7096
1625467943980000,0,383.99045724,0.7108
1625467953651000,1,387.88305000,0.7135
1625467955457000,0,250.00000000,0.7136
1625467955457000,0,0.35005000,0.7143
1625468073475000,1,100.89828122,0.7054
1625468073574000,0,17.13063586,0.7054
1625469108871000,0,205.22691466,0.7035
1625469108966000,1,316.76788669,0.7040
1625469508167000,1,102.05787531,0.7028
1625469508666000,1,250.00000000,0.7028
1625469629899000,1,250.00000000,0.7024
1625470182691000,1,250.00000000,0.6986
1625470395400000,1,250.00000000,0.7019
1625470425836000,0,96.98122563,0.7032
1625470425836000,0,4.94342630,0.7033
1625470425957000,1,87.28310307,0.7032
1625470425969000,0,394.38984439,0.7035
1625470425979000,0,0.22732011,0.7035
1625470426085000,0,169.28746929,0.7039
1625470426562000,1,104.72763485,0.7038
1625470435567000,1,250.00000000,0.7022
1625470438209000,0,250.00000000,0.7025
1625470441362000,1,97.10415000,0.7033
1625470441964000,1,323.38009000,0.7026
1625470442501000,1,250.00000000,0.7028
1625470445010000,1,250.00000000,0.7025
1625470445895000,1,73.38007296,0.7025
1625470463612000,1,101.38348400,0.7003
1625470521751000,0,250.00000000,0.7007
1625470537258000,0,91.98786404,0.7060
1625470541908000,0,96.74438962,0.7058
1625470541908000,0,106.58368317,0.7059
1625470541908000,0,86.37321721,0.7061
1625470556211000,0,250.00000000,0.7077
1625470567428000,0,88.94756179,0.7128
1625470568038000,0,9.88306242,0.7128
1625470568038000,0,79.46016586,0.7128
1625470568630000,0,9.92702537,0.7128
1625470568630000,0,30.47701504,0.7128
1625470621389000,0,250.00000000,0.7170
1625470623464000,1,193.02544000,0.7181
1625470653638000,1,88.94756179,0.7176
1625470671316000,1,250.00000000,0.7184
1625470695408000,0,249.99997655,0.7185
1625470697043000,1,250.00000000,0.7163
1625470710562000,0,250.00000000,0.7178
1625470711744000,1,101.37077891,0.7177
1625470711744000,1,250.00000000,0.7176
1625470711744000,1,149.00000000,0.7157
1625470711744000,1,2500.00000000,0.7156
1625470711762000,0,97.51037237,0.7150
1625470711826000,0,250.00000000,0.7150
1625470711829000,0,391.65143042,0.7150
1625470711952000,0,2902.93335316,0.7150
1625470711987000,0,1420.53406514,0.7150
1625470714878000,1,149.00000000,0.7150
1625470714878000,1,101.00000000,0.7150
1625470715664000,1,928.92234395,0.7150
1625470727603000,0,506.48678000,0.7130
1625470902646000,0,35.29129434,0.7084
1625471193346000,0,250.00000000,0.7067
1625471196007000,0,101.49379145,0.7079
1625471196064000,1,250.00000000,0.7080
1625471196163000,1,7795.69547408,0.7080
1625471196245000,1,103.19232036,0.7067
1625471196245000,1,69.37187964,0.7063
1625471423923000,1,99.18360907,0.7098
1625471423923000,1,2.35452776,0.7098
1625471458190000,0,79.40903595,0.7114
1625471481257000,0,250.00000000,0.7116
1625471664050000,1,96.03505811,0.7088
1625471664050000,1,4.82191281,0.7085
1625471784075000,1,101.49376369,0.7090
1625472144242000,1,96.19249684,0.7116
1625472144242000,1,201.18579490,0.7113
1625472173518000,1,176.52825000,0.7117
1625472176212000,1,187.32724000,0.7118
1625472180665000,1,217.40919000,0.7117
1625472795054000,1,143.60931000,0.7067
1625472796235000,1,161.68616000,0.7071
1625473354824000,0,250.00000000,0.7101
1625473369412000,0,149.00000000,0.7120
1625473369412000,0,101.00000000,0.7121
1625473374069000,1,172.38003000,0.7161
1625473376486000,0,99.16994427,0.7145
1625473376486000,0,40.72932825,0.7146
1625473380580000,0,250.00000000,0.7148
1625473381622000,0,149.00000000,0.7156
1625473385839000,1,114.07906000,0.7161
1625473389259000,0,250.00000000,0.7184
1625473392753000,1,161.83430999,0.7180
1625473393243000,1,0.00000001,0.7180
1625473395145000,0,98.12091389,0.7169
1625473395145000,0,23.00678611,0.7170
1625473396135000,1,236.21100000,0.7148
1625473413192000,1,83.72776000,0.7168
1625473413615000,0,249.99997648,0.7158
1625473416256000,0,97.35235735,0.7150
1625473416256000,0,17.35754265,0.7152
1625473417480000,0,87.74028000,0.7150
1625473421869000,0,249.99997641,0.7139
1625473423406000,1,97.22509950,0.7130
1625473423406000,1,101.94250613,0.7128
1625473423480000,0,250.00000000,0.7123
1625473423643000,0,396.26407827,0.7123
1625473424660000,0,114.00189610,0.7123
1625473434060000,0,250.00000000,0.7099
1625473444584000,0,806.37102000,0.7090
1625473453586000,0,250.00000000,0.7084
1625473454503000,1,149.00000000,0.7084
1625473524571000,1,97.89401228,0.7075
1625473524571000,1,79.18106068,0.7073
1625473692516000,1,250.00000000,0.7091
1625473693969000,1,6.41548000,0.7091
1625473693969000,1,208.19326000,0.7090
1625473723413000,0,250.00000000,0.7084
1625473809343000,0,250.00000000,0.7094
1625473847127000,1,140.78954777,0.7103
1625473847157000,1,0.00000001,0.7103
1625473851920000,1,242.94275000,0.7097
1625473919306000,1,250.00000000,0.7029
1625473933847000,0,250.00000000,0.7060
1625473936513000,1,250.00000000,0.7035
1625473945622000,1,179.20667000,0.7036
1625473947964000,1,159.79050000,0.7039
1625473951076000,1,100.95902835,0.7022
1625473951076000,1,78.41482165,0.7022
1625473951747000,0,249.99998580,0.7046
1625473975572000,1,250.00000000,0.7016
1625473992756000,1,159.22149000,0.7026
1625474284586000,0,125.64358900,0.7029
1625474323790000,0,250.00000000,0.7078
1625474346712000,0,250.00000000,0.7132
1625474368180000,0,250.00000000,0.7127
1625474373938000,1,250.00000000,0.7118
1625474395492000,0,250.00000000,0.7140
1625474434593000,1,119.77012000,0.7121
1625474435646000,1,250.00000000,0.7104
1625474436204000,1,249.99997632,0.7101
1625474436370000,0,142.44806000,0.7106
1625474438090000,0,99.24968647,0.7099
1625474438090000,0,15.85841353,0.7103
1625474443307000,0,250.00000000,0.7085
1625474444469000,0,503.95647000,0.7085
1625474451390000,0,250.00000000,0.7091
1625474452997000,0,250.00000000,0.7091
1625474453080000,0,637.34687000,0.7091
1625474460281000,1,97.59197796,0.7103
1625474460315000,0,1104.63351204,0.7100
1625474460371000,0,98.95772034,0.7118
1625474460897000,0,250.00000000,0.7118
1625474463785000,1,250.00000000,0.7090
1625474477812000,1,250.00000000,0.7106
1625474478403000,1,314.51793000,0.7106
1625474478497000,1,250.00000000,0.7097
1625474478891000,1,149.00000000,0.7083
1625474478891000,1,476.00000000,0.7072
1625474480498000,1,141.31878692,0.7076
1625474480531000,0,900.07289200,0.7064
1625474480565000,0,103.64012122,0.7064
1625474480571000,0,537.12944000,0.7064
1625474480698000,1,346.86670000,0.7061
1625474480878000,0,250.00000000,0.7062
1625474480878000,0,278.84707000,0.7064
1625474494391000,0,250.00000000,0.7101
1625474496104000,0,250.00000000,0.7101
1625474498275000,0,250.00000000,0.7095
1625474499504000,0,250.00000000,0.7095
1625474534466000,0,87.29186745,0.7041
1625474535013000,0,9.69909638,0.7041
1625474537160000,0,91.43210422,0.7041
1625474683392000,1,250.00000000,0.7074
1625474685336000,1,250.00000000,0.7065
1625474686586000,1,250.00000000,0.7059
1625474687699000,1,69.98675000,0.7059
1625474701682000,0,250.00000000,0.7068
1625474707568000,1,250.00000000,0.7071
1625474724455000,1,203.47015000,0.7078
1625474725964000,1,230.28981000,0.7079
1625474730660000,0,149.00000000,0.7081
1625474744190000,0,202.67906000,0.7081
1625474746229000,1,292.04878000,0.7074
1625474968145000,0,179.70291680,0.7046
1625474968145000,0,70.29708320,0.7047
1625474969141000,0,149.00000000,0.7058
1625474969141000,0,101.00000000,0.7058
1625474977409000,0,250.00000000,0.7081
1625475015989000,0,149.00000000,0.7129
1625475022213000,1,250.00000000,0.7129
1625475024281000,0,92.56831459,0.7137
1625475032969000,1,217.94789000,0.7147
1625475040684000,0,149.00000000,0.7161
1625475042709000,0,99.79152462,0.7162
1625475042709000,0,98.54347988,0.7162
1625475043693000,0,250.00000000,0.7162
1625475043758000,0,250.00000000,0.7165
1625475056300000,0,250.00000000,0.7167
1625475063971000,0,250.00000000,0.7147
1625475064889000,1,249.99996469,0.7147
1625475065444000,1,102.56773786,0.7136
1625475065444000,1,97.80571459,0.7135
1625475065444000,1,2353.01011564,0.7134
1625475065444000,1,100.21769054,0.7133
1625475065517000,0,250.00000000,0.7130
1625475065560000,0,1765.67143550,0.7130
1625475065560000,0,2353.01011564,0.7130
1625475065576000,0,1124.90645576,0.7130
1625475067205000,1,250.00000000,0.7130
1625475068235000,1,178.42874000,0.7116
1625475069368000,0,102.99804672,0.7117
1625475069368000,0,147.00195328,0.7118
1625475082229000,0,250.00000000,0.7141
1625475083305000,0,250.00000000,0.7133
1625475083330000,0,469.34757000,0.7133
1625475088363000,1,250.00000000,0.7150
1625475089510000,1,250.00000000,0.7130
1625475090516000,1,250.00000000,0.7130
1625475093951000,0,96.75741385,0.7110
1625475093951000,0,250.00000000,0.7114
1625475094002000,1,103.74304381,0.7117
1625475094009000,1,250.00000000,0.7117
1625475096069000,1,250.00000000,0.7117
1625475110176000,0,250.00000000,0.7132
1625475110835000,0,652.50966316,0.7132
1625475118363000,1,209.06939000,0.7116
1625475118465000,1,248.10199000,0.7108
1625475118869000,0,1.89801000,0.7102
1625475118869000,0,723.70026000,0.7109
1625475195169000,0,250.00000000,0.7082
1625475205177000,1,97.48243336,0.7053
1625475205177000,1,101.91766264,0.7049
1625475266069000,0,190.61650343,0.7116
1625475275193000,1,250.00000000,0.7119
1625475275199000,1,22.68428000,0.7119
1625475277900000,1,181.50713000,0.7111
1625475482627000,0,895.53099092,0.7065
1625475482627000,0,1195.22478276,0.7070
1625475482627000,0,250.00000000,0.7070
1625475482627000,0,149.00000000,0.7074
1625475482627000,0,382.47912353,0.7074
1625475482627000,0,382.46108843,0.7079
1625475482627000,0,124.00000000,0.7079
1625475482627000,0,2500.00000000,0.7079
1625475482760000,1,2327.46220645,0.7080
1625475493323000,0,250.00000000,0.7046
1625475497225000,0,250.00000000,0.7046
1625475501606000,0,394.54151081,0.7046
1625475501673000,0,250.00000000,0.7046
1625476046083000,1,98.88314467,0.7086
1625476046083000,1,3.65735976,0.7085
1625476438188000,0,250.00000000,0.7113
1625476467267000,0,90.12552878,0.7147
1625476476112000,0,250.00000000,0.7156
1625476489722000,1,250.00000000,0.7144
1625476490815000,1,222.17373000,0.7155
1625476492051000,0,98.64722512,0.7158
1625476492051000,0,41.02928408,0.7159
1625476492814000,0,208.97071592,0.7165
1625476500411000,1,250.00000000,0.7150
1625476501508000,1,249.77741805,0.7148
1625476503129000,1,250.00000000,0.7138
1625476503384000,1,249.99997643,0.7137
1625476503539000,0,250.00000000,0.7120
1625476503539000,0,807.11351709,0.7133
1625476503928000,0,221.93443950,0.7133
1625476504217000,1,137.99208000,0.7127
1625476505674000,1,161.53438000,0.7118
1625477186789000,1,100.89221131,0.7072
1625477249470000,0,200.00000000,0.7090
1625477260712000,0,250.00000000,0.7091
1625477262026000,0,250.00000000,0.7109
1625477306891000,1,297.73246951,0.7130
1625477315573000,0,250.00000000,0.7134
1625477319333000,1,129.69105999,0.7117
1625477319510000,1,0.00000001,0.7117
1625477320640000,0,103.65502971,0.7100
1625477320640000,0,68.00167029,0.7102
1625477329387000,1,101.34919673,0.7086
1625477329451000,0,250.00000000,0.7082
1625477329515000,0,96.79132016,0.7082
1625477329575000,0,347.24942311,0.7082
1625477339735000,1,250.00000000,0.7082
1625477341447000,1,250.00000000,0.7082
1625477344461000,1,250.00000000,0.7082
1625477344826000,1,194.04074000,0.7082
1625477351213000,0,250.00000000,0.7060
1625477353267000,0,250.00000000,0.7060
1625477354561000,0,250.00000000,0.7060
1625477358708000,0,775.25013119,0.7060
1625477401039000,0,55.95923177,0.7082
1625477401039000,0,194.04074890,0.7082
1625477401601000,0,249.99995766,0.7084
1625477408627000,1,250.00000000,0.7091
1625477408659000,1,19.83983000,0.7091
1625477427170000,0,249.99998103,0.7091
1625477461120000,0,102.41904843,0.7106
1625477477147000,1,250.00000000,0.7089
1625477494093000,0,249.99997616,0.7061
1625477500299000,1,96.85548791,0.7058
1625477500299000,1,52.13616471,0.7056
1625477500322000,0,250.00000000,0.7059
1625477500367000,0,363.46685000,0.7059
1625477508652000,1,250.00000000,0.7047
1625477541952000,1,250.00000000,0.7110
1625477543351000,1,153.47583000,0.7110
1625477545364000,1,330.76115000,0.7118
1625477552113000,1,250.00000000,0.7110
1625477555200000,1,63.40472000,0.7110
1625477667060000,1,98.17050331,0.7097
1625477667060000,1,7.23329736,0.7096
1625477745869000,1,267.50603000,0.7093
1625477753972000,0,250.00000000,0.7083
1625477786493000,0,250.00000000,0.7057
1625477794497000,1,250.00000000,0.7036
1625477804062000,1,194.47871000,0.7053
1625477827638000,0,250.00000000,0.7057
1625477836178000,1,232.99730000,0.7076
1625477836812000,1,232.99727550,0.7074
1625477859223000,1,174.65597000,0.7072
1625477862396000,1,181.30837000,0.7074
1625477907198000,1,97.99744186,0.7045
1625477907198000,1,4.43537644,0.7045
1625478493029000,0,141.91241165,0.7047
1625478573917000,0,179.48878513,0.7047
1625478835845000,1,221.93627000,0.7051
1625478927620000,1,97.95989421,0.7040
1625478927620000,1,5.59269970,0.7038
1625479410984000,0,100.00000000,0.7100
1625479411569000,0,859.90373000,0.7104
1625479412265000,0,250.00000000,0.7120
1625479414601000,0,250.00000000,0.7127
1625479447071000,1,101.35220430,0.7172
1625479447071000,1,97.09754048,0.7170
1625479447139000,0,103.57347114,0.7170
1625479447140000,0,250.00000000,0.7170
1625479447180000,0,7654.13497617,0.7170
1625479449907000,0,70.00000000,0.7200
1625479455862000,1,250.00000000,0.7210
1625479456966000,1,184.93355000,0.7217
1625479471742000,0,892.40215000,0.7215
1625479489277000,1,250.00000000,0.7182
1625479491971000,0,990.96944000,0.7175
1625479491971000,0,96.76449420,0.7185
1625479492487000,0,250.00000000,0.7185
1625479494787000,0,250.00000000,0.7208
1625479507249000,1,250.00000000,0.7206
1625479517734000,1,124.10867000,0.7206
1625479525111000,0,250.00000000,0.7219
1625479530606000,0,250.00000000,0.7221
1625479535709000,1,250.00000000,0.7198
1625479536705000,1,250.00000000,0.7164
1625479536964000,0,249.99997658,0.7179
1625479537569000,1,250.00000000,0.7179
1625479565923000,0,250.00000000,0.7101
1625479567949000,0,250.00000000,0.7101
1625479568044000,0,445.11699000,0.7101
1625479576289000,1,96.72910099,0.7109
1625479576289000,1,96.94472444,0.7108
1625479576364000,0,250.00000000,0.7106
1625479576384000,0,502.30308457,0.7106
1625479576475000,1,149.00000000,0.7105
1625479592034000,1,250.00000000,0.7078
1625479598804000,0,100.31118043,0.7088
1625479598804000,0,101.38052312,0.7090
1625479598804000,0,250.00000000,0.7091
1625479598858000,1,250.00000000,0.7100
1625479598914000,1,100.00780613,0.7100
1625479598938000,1,821.34804227,0.7100
1625479598986000,1,6668.58625086,0.7100
1625479605406000,1,250.00000000,0.7078
1625479647741000,1,256.25937900,0.7102
1625479719815000,0,149.00000000,0.7115
1625479720825000,0,250.00000000,0.7122
1625480645387000,0,250.00000000,0.7108
1625480666683000,1,250.00000000,0.7141
1625480690446000,1,100.01680014,0.7143
1625480709699000,1,250.00000000,0.7151
1625480711503000,1,182.51268000,0.7151
1625481463358000,1,99.55354658,0.7103
1625481463426000,0,250.00000000,0.7103
1625481480194000,0,172.44125477,0.7103
1625481537622000,1,250.00000000,0.7100
1625481694401000,1,250.00000000,0.7090
1625482231734000,0,250.00000000,0.7166
1625482237671000,1,250.00000000,0.7150
1625482237684000,1,67.25488000,0.7150
1625482238293000,1,249.99997645,0.7135
1625482238472000,1,250.00000000,0.7124
1625482238495000,0,408.61482930,0.7143
1625482238974000,0,393.49534286,0.7143
1625482238974000,0,36.78804714,0.7143
1625482239356000,1,416.94582000,0.7131
1625482240095000,0,250.00000000,0.7111
1625482240215000,0,575.53541450,0.7124
1625482241270000,0,40.53506284,0.7121
1625482243224000,0,250.00000000,0.7107
1625482243224000,0,98.68208942,0.7112
1625482243224000,0,310.53556058,0.7124
1625482243327000,0,584.12171191,0.7124
1625482247159000,1,214.28407000,0.7131
1625482257048000,0,250.00000000,0.7106
1625482267714000,0,698.58693000,0.7098
1625482267714000,0,11.56454000,0.7106
1625482270704000,0,250.00000000,0.7095
1625482322123000,0,250.00000000,0.7102
1625482468437000,1,97.60828515,0.7094
1625482468437000,1,4.16154029,0.7093
1625482551763000,0,238.15688100,0.7128
1625482557945000,0,249.99997635,0.7116
1625482559809000,0,0.00002365,0.7116
1625482559810000,1,250.00000000,0.7118
1625482568552000,0,102.75328587,0.7118
1625482568552000,0,147.37839413,0.7119
1625482568617000,1,78.24069635,0.7118
1625482580944000,1,250.00000000,0.7154
1625482580966000,1,159.32977000,0.7154
1625482708571000,1,102.21866297,0.7092
1625482792964000,0,250.00000000,0.7111
1625482810172000,0,250.00000000,0.7127
1625482812179000,0,250.00000000,0.7136
1625482818291000,0,3895.81690141,0.7136
1625482826977000,1,250.00000000,0.7132
1625482829877000,1,59.62752000,0.7132
1625482830445000,1,250.00000000,0.7130
1625482832873000,1,250.00000000,0.7122
1625483015546000,0,250.00000000,0.7133
1625483018177000,1,250.00000000,0.7146
1625483020307000,0,250.00000000,0.7151
1625483029508000,0,339.13078182,0.7154
1625483035375000,1,250.00000000,0.7153
1625483036394000,1,249.99997648,0.7152
1625483047432000,0,250.00000000,0.7180
1625483056886000,1,217.17918000,0.7151
1625483057895000,1,217.17915647,0.7150
1625483059444000,1,220.15083000,0.7152
1625483071603000,0,250.00000000,0.7166
1625483074009000,1,685.41791878,0.7168
1625483074141000,1,98.96222437,0.7171
1625483074141000,1,103.71434633,0.7170
1625483074141000,1,482.74136930,0.7168
1625483114163000,1,150.03829999,0.7184
1625483116231000,1,0.00000001,0.7184
1625483116231000,1,205.78676000,0.7184
1625483130201000,0,410.37692562,0.7148
1625483130241000,0,250.00000000,0.7148
1625483132897000,0,19.69872438,0.7148
1625483133666000,0,250.00000000,0.7147
1625483133700000,0,520.42400000,0.7147
1625483141039000,0,250.00000000,0.7153
1625483397849000,1,250.00000000,0.7130
1625483398166000,1,40.74353000,0.7130
1625483400010000,0,99.30150224,0.7127
1625483400010000,0,99.40986738,0.7129
1625483400010000,0,87.36073038,0.7131
1625483403151000,1,219.59243000,0.7124
1625483418573000,1,181.02797000,0.7108
1625483466036000,1,40.74979626,0.7082
1625483520320000,1,250.00000000,0.7063
1625483528021000,1,250.00000000,0.7050
1625483528134000,1,750.00000000,0.7050
1625483668910000,1,97.89203078,0.7029
1625483668910000,1,99.33151688,0.7028
1625483668910000,1,27.81065834,0.7026
1625483848919000,1,97.57169596,0.7006
1625483848919000,1,4.61287080,0.7005
1625483968980000,1,103.23660300,0.7024
1625483999682000,0,250.00000000,0.7036
1625484123393000,1,200.32421000,0.7036
1625484209113000,1,98.78020347,0.7024
1625484209113000,1,97.64437491,0.7023
1625484209113000,1,7.10003162,0.7021
1625484229159000,1,250.00000000,0.7018
1625484329308000,0,126.92516600,0.6953
1625484441361000,0,250.00000000,0.6872
1625484449230000,1,98.42450002,0.6861
1625484449230000,1,4.66710607,0.6859
1625484514576000,1,186.71364000,0.6866
1625484515358000,1,250.00000000,0.6873
1625484555095000,1,159.61913000,0.6878
1625484557512000,1,138.03738000,0.6880
1625484859571000,1,250.00000000,0.6829
1625484862512000,1,236.82136000,0.6825
1625484876135000,1,50.00000000,0.6800
1625484954735000,1,99.20177392,0.6770
1625484954816000,0,100.79822608,0.6770
1625485047876000,1,150.23894000,0.6783
1625485056872000,0,372.78175570,0.6795
1625485056969000,1,155.32797527,0.6795
1625485364480000,0,186.33661738,0.6795
1625485699363000,1,250.00000000,0.6814
1625485788762000,1,100.57151000,0.6812
1625485817175000,1,111.10028000,0.6806
1625486101705000,1,124.46943000,0.6796
1625486198693000,1,30.00000000,0.6750
1625486201535000,1,98.01489000,0.6734
1625486256653000,0,250.00000000,0.6676
1625486259196000,0,514.39654000,0.6676
1625486259196000,0,102.45745908,0.6680
1625486259264000,1,250.00000000,0.6680
1625486259618000,1,1348.01127038,0.6680
1625486399116000,1,97.85742486,0.6679
1625486416017000,0,250.00000000,0.6684
1625486486545000,0,250.00000000,0.6692
1625486489369000,1,182.86234000,0.6691
1625486489369000,1,103.57606252,0.6689
1625486493178000,0,250.00000000,0.6696
1625486518654000,1,142.80580000,0.6704
1625486518654000,1,101.06123025,0.6700
1625486518654000,1,95.28033548,0.6696
1625486518654000,1,2024.23600000,0.6685
1625486518654000,1,1887.42902216,0.6685
1625486518654000,1,413.20403241,0.6683
1625486518654000,1,407.18510651,0.6683
1625486518654000,1,250.00000000,0.6682
1625486518654000,1,142.00507000,0.6671
1625486518654000,1,554.22102373,0.6671
1625486525891000,1,89.78437000,0.6707
1625486525891000,1,250.00000000,0.6689
1625486525891000,1,2024.23600000,0.6688
1625486525891000,1,644.69344027,0.6688
1625486533768000,1,2201.99404761,0.6720
1625486553813000,1,250.00000000,0.6712
1625486553813000,1,353.60820000,0.6708
1625486553813000,1,62.39180000,0.6708
1625486591242000,1,132.28153000,0.6730
1625486592739000,1,119.69040000,0.6731
1625486685268000,0,97.88163012,0.6747
1625486685268000,0,50.31763861,0.6748
1625486696017000,0,102.25430391,0.6747
1625486696017000,0,45.94548320,0.6748
1625486751607000,1,250.00000000,0.6736
1625486896749000,1,1877.90321804,0.6722
1625486896749000,1,110.96148000,0.6721
1625486896987000,0,2292.47341119,0.6720
1625486896987000,0,97.95129700,0.6725
1625486985593000,1,99.09788229,0.6719
1625486985593000,1,102.25668029,0.6718
1625486985593000,1,82.98370000,0.6716
1625486985593000,1,1880.62311549,0.6712
1625486985593000,1,250.00000000,0.6710
1625486985593000,1,149.00000000,0.6703
1625486985593000,1,86.26675000,0.6703
1625486985593000,1,2507.92313454,0.6700
1625486985672000,0,250.00000000,0.6700
1625486985718000,0,97.92225588,0.6700
1625486985723000,0,1880.62311549,0.6700
1625486985765000,0,2044.00910271,0.6700
1625487150295000,1,73.06944000,0.6726
1625487150295000,1,28.31034408,0.6721
1625487171268000,1,97.84241870,0.6720
1625487171268000,1,1878.99914379,0.6719
1625487171268000,1,53.58715000,0.6716
1625487171268000,1,96.58202396,0.6716
1625487171268000,1,881.70307382,0.6708
1625487270298000,1,45.81043000,0.6722
1625487270298000,1,267.66919382,0.6717
1625487390364000,1,37.96645000,0.6735
1625487390364000,1,212.03355000,0.6730
1625487510444000,1,43.59274000,0.6741
1625487510444000,1,268.96977250,0.6733
1625487750564000,1,135.18099389,0.6735
1625487790416000,1,250.00000000,0.6737
1625487905933000,1,44.25345000,0.6734
1625487905964000,0,205.74655000,0.6731
1625487905994000,1,97.73806339,0.6732
1625488325703000,0,250.00000000,0.6713
1625488355171000,0,250.00000000,0.6726
1625488388511000,0,97.04626651,0.6727
1625488388511000,0,395.60503125,0.6730
1625488388511000,0,100.85801849,0.6730
1625488388511000,0,72.49068375,0.6731
1625489360405000,0,50.00000000,0.6718
1625489619383000,1,41.47624000,0.6710
1625489621758000,1,48.60811000,0.6709
1625489820995000,0,100.86306639,0.6709
1625489821049000,1,250.00000000,0.6710
1625489821173000,1,1793.23529426,0.6710
1625490175724000,0,250.00000000,0.6712
1625490187333000,0,250.00000000,0.6730
1625490194160000,0,99.15171672,0.6730
1625490194221000,1,250.00000000,0.6730
1625490194244000,1,97.80003387,0.6730
1625490194363000,1,1690.78970557,0.6730
1625490887122000,0,100.78160777,0.6759
1625490887122000,0,101.27494968,0.6761
1625490887122000,0,405.90491413,0.6762
1625490887122000,0,2500.00000000,0.6762
1625490887122000,0,96.18061028,0.6763
1625490887122000,0,187.34331901,0.6764
1625490887122000,0,250.00000000,0.6765
1625490887122000,0,149.00000000,0.6773
1625490887122000,0,302.00000000,0.6774
1625490887122000,0,249.81673591,0.6774
1625490887122000,0,3963.42540000,0.6782
1625490887122000,0,398.75335818,0.6782
1625490887122000,0,888.66311000,0.6782
1625490887122000,0,760.63359872,0.6804
1625490887122000,0,312.28518434,0.6805
1625490887122000,0,1281.56908736,0.6816
1625491244708000,1,101.31905699,0.6723
1625491244791000,0,148.82611301,0.6723
1625491310499000,0,249.99999999,0.6738
1625491311660000,0,187.98428557,0.6741
1625493398009000,1,250.00000000,0.6794
1625493399209000,1,163.06699609,0.6794
1625494469372000,0,250.00000000,0.6820
1625494471759000,0,250.00000000,0.6840
1625494472856000,0,250.00000000,0.6843
1625494484669000,0,41.10152077,0.6873
1625494524766000,0,249.99997563,0.6906
1625494524982000,0,0.00002437,0.6906
1625494525674000,1,249.99997563,0.6906
1625494529768000,0,99.49593036,0.6906
1625494529768000,0,98.38239671,0.6908
1625494529768000,0,52.12166793,0.6909
1625494535902000,0,250.00000000,0.6929
1625494585062000,1,226.81367000,0.6952
1625494592461000,0,250.00000000,0.6959
1625494592990000,0,250.00000000,0.6956
1625494608227000,0,250.00000000,0.6972
1625494611920000,0,250.00000000,0.6979
1625494612447000,0,250.00000000,0.6977
1625494616639000,0,250.00000000,0.6989
1625494617148000,0,250.00000000,0.6986
1625494625145000,0,250.00000000,0.7000
1625494634219000,0,250.00000000,0.7003
1625494661399000,0,250.00000000,0.7008
1625494665754000,0,250.00000000,0.7013
1625494671653000,1,250.00000000,0.7006
1625494696172000,1,250.00000000,0.7005
1625494733197000,0,250.00000000,0.7016
1625494736004000,0,250.00000000,0.7024
1625494791969000,0,250.00000000,0.7006
1625494804375000,0,250.00000000,0.6997
1625494806742000,1,248.29578000,0.6986
1625494806844000,0,1.70422000,0.6983
1625494807100000,1,248.29575584,0.6983
1625494807299000,1,168.89696000,0.6980
1625494808256000,0,72.99273600,0.6955
1625494812187000,0,180.96234000,0.6961
1625494819734000,0,250.00000000,0.6954
1625494823249000,0,250.00000000,0.6961
1625494831526000,1,250.00000000,0.6947
1625494837647000,0,250.00000000,0.6940
1625494855251000,1,250.00000000,0.6910
1625494859940000,0,86.05819763,0.6912
1625494863145000,1,149.00000000,0.6892
1625494894972000,0,103.41290963,0.6899
1625494953200000,0,250.00000000,0.6899
1625494954205000,0,250.00000000,0.6899
1625495012516000,1,100.34153079,0.6919
1625495132639000,1,103.30337570,0.6936
1625495132639000,1,201.34804214,0.6936
1625495228242000,1,250.00000000,0.6954
1625495252653000,1,99.20761487,0.6951
1625495252653000,1,3.26834438,0.6950
1625495261163000,1,207.50672000,0.6948
1625495263678000,1,157.50198000,0.6943
1625495265962000,1,126.25198000,0.6936
1625495363320000,0,250.00000000,0.6924
1625495364334000,0,189.77384460,0.6924
1625495364334000,0,60.22615540,0.6925
1625495365352000,0,250.00000000,0.6932
1625495393074000,0,89.67333126,0.6926
1625495409822000,1,164.62558000,0.6921
1625495421511000,1,30.00000000,0.6911
1625495423711000,1,98.67318726,0.6900
1625495423849000,0,250.00000000,0.6900
1625495468264000,1,58.10973097,0.6897
1625495537447000,1,250.00000000,0.6888
1625495539083000,1,141.26464999,0.6874
1625495540651000,1,0.00000001,0.6874
1625495541984000,1,151.00762000,0.6875
1625495543442000,1,151.00759547,0.6871
1625495566928000,1,250.00000000,0.6866
1625495602564000,0,250.00000000,0.6890
1625495614111000,1,104.92686000,0.6898
1625495628847000,0,250.00000000,0.6908
1625495675597000,0,98.86252172,0.6933
1625495675748000,1,22.09163828,0.6934
1625495705475000,0,250.00000000,0.6939
1625495713556000,1,107.83497000,0.6936
1625495736492000,0,250.00000000,0.6963
1625495757372000,0,250.00000000,0.6938
1625495761240000,1,81.66077000,0.6933
1625495761384000,0,168.33923000,0.6930
1625495788117000,1,81.66074568,0.6930
1625495813523000,0,250.00000000,0.6938
1625495838850000,0,249.99997562,0.6912
1625495839015000,1,83.95373000,0.6908
1625495839015000,1,149.00000000,0.6906
1625495839113000,0,2267.04627000,0.6897
1625495839359000,1,102.95814979,0.6897
1625495839359000,1,144.99688257,0.6897
1625495843094000,0,81.94299000,0.6886
1625495865176000,1,250.00000000,0.6864
1625495876849000,1,250.00000000,0.6810
1625495877486000,1,125.24843600,0.6810
1625495877676000,1,159.71485329,0.6810
1625495877686000,1,0.01468427,0.6810
1625495877686000,1,96.90550018,0.6798
1625495877686000,1,104.41987494,0.6795
1625495877686000,1,174.14749599,0.6794
1625495903067000,1,84.69940000,0.6844
1625495906976000,0,79.35082000,0.6841
1625495913192000,1,78.60577000,0.6840
1625495925156000,1,67.56484000,0.6848
1625496033244000,1,98.35115583,0.6829
1625496033244000,1,43.45268600,0.6827
1625496056765000,1,50.00000000,0.6826
1625496163395000,1,46.48672000,0.6909
1625496163395000,1,100.72569350,0.6900
1625496163395000,1,101.81275298,0.6899
1625496163395000,1,285.95280708,0.6897
1625496175412000,0,210.48060593,0.6925
1625496180357000,1,56.54655000,0.6920
1625496195128000,1,40.29945000,0.6921
1625496195276000,0,209.70055000,0.6917
1625496195276000,0,40.29942563,0.6917
1625496200431000,0,250.00000000,0.6925
1625496242357000,1,250.00000000,0.6915
1625496243647000,1,249.99997562,0.6915
1625496243647000,1,0.00002438,0.6915
1625496243764000,1,34.87998562,0.6915
1625496244688000,1,250.00000000,0.6894
1625496245596000,0,44.16495000,0.6901
1625496247444000,1,249.77375566,0.6891
1625496254819000,0,250.00000000,0.6864
1625496255367000,0,696.64538000,0.6864
1625496264753000,0,250.00000000,0.6846
1625496264969000,0,502.28984000,0.6846
1625496265157000,1,149.00000000,0.6836
1625496271735000,0,250.00000000,0.6823
1625496272976000,0,510.54884000,0.6823
1625496274764000,1,250.00000000,0.6845
1625496274764000,1,98.14234761,0.6832
1625496274764000,1,99.76128269,0.6830
1625496274831000,0,250.00000000,0.6829
1625496274988000,0,126.13147970,0.6829
1625496283585000,1,250.00000000,0.6835
1625496300575000,0,250.00000000,0.6804
1625496302775000,1,250.00000000,0.6800
1625496307801000,0,250.00000000,0.6815
1625496307924000,0,383.58075000,0.6815
1625496343681000,1,250.00000000,0.6842
1625496344766000,1,250.00000000,0.6846
1625496344954000,1,158.22989000,0.6846
1625496819955000,0,100.86995840,0.6859
1625496819955000,0,102.10194121,0.6860
1625496819955000,0,738.47446055,0.6860
1625496819955000,0,250.00000000,0.6860
1625496819955000,0,378.75806239,0.6861
1625496819955000,0,100.33954329,0.6862
1625496819955000,0,149.00000000,0.6867
1625496819955000,0,665.02342576,0.6870
1625497154167000,1,250.00000000,0.6865
1625497256898000,0,250.00000000,0.6868
1625497264887000,1,250.00000000,0.6860
1625497266785000,1,104.71332999,0.6860
1625497575999000,1,250.00000000,0.6817
1625497713608000,0,250.00000000,0.6819
1625498618769000,1,100.33321417,0.6810
1625498619467000,1,250.00000000,0.6811
1625498619467000,1,103.25173037,0.6809
1625498633358000,1,97.58972094,0.6810
1625498634007000,1,250.00000000,0.6810
1625498751553000,1,237.34381000,0.6807
1625498828561000,1,100.75652828,0.6811
1625498829256000,1,250.00000000,0.6811
1625498853657000,1,213.92559000,0.6808
1625498854779000,1,250.00000000,0.6800
1625498855781000,0,99.33961465,0.6803
1625498855781000,0,91.69342535,0.6804
1625498855835000,1,42.76470588,0.6800
1625498867641000,0,91.75909000,0.6796
1625499273305000,1,222.06627000,0.6739
1625499275795000,1,202.91070000,0.6741
1625499347722000,1,222.06624539,0.6732
1625499347722000,1,98.85970998,0.6732
1625499362232000,1,900.00000000,0.6730
1625499421165000,0,74.34059888,0.6726
1625499471099000,0,250.00000000,0.6726
1625499590554000,1,50.00000000,0.6718
1625499690185000,1,129.97374000,0.6719
1625499755349000,1,136.57345000,0.6719
1625499783415000,0,376.53670165,0.6722
1625499896099000,1,108.99430000,0.6717
1625499897148000,0,250.00000000,0.6722
1625500223224000,1,116.76118000,0.6708
1625500809998000,1,102.71745999,0.6706
1625500814379000,1,115.96421000,0.6704
1625500901704000,0,189.45617713,0.6686
1625500905175000,1,189.32717584,0.6690
1625500913443000,0,189.09492233,0.6702
1625500914494000,0,188.95732692,0.6705
1625502629219000,1,100.83149109,0.6706
1625502629290000,0,250.00000000,0.6706
1625502629371000,0,1564.52881109,0.6706
1625502629646000,0,623.11947227,0.6706
1625502631506000,0,548.84137139,0.6706
1625502636669000,0,1019.93122356,0.6706
1625502930522000,0,797.23796398,0.6712
1625502930757000,1,250.00000000,0.6727
1625502930757000,1,59.38634807,0.6721
1625502931519000,0,693.18159000,0.6743
1625502934305000,1,249.99998517,0.6740
1625502934334000,1,0.00001483,0.6740
1625502934334000,1,519.10478582,0.6737
1625502939223000,0,498.75439000,0.6737
1625502952031000,0,280.92035500,0.6762
1625502976192000,0,100.71704373,0.6816
1625502976241000,0,98.84970071,0.6817
1625502976241000,0,249.01315011,0.6819
1625502976251000,0,103.82415402,0.6816
1625502976251000,0,0.98684989,0.6819
1625502976251000,0,41.82731268,0.6819
1625502976273000,0,56.03553814,0.6819
1625502976273000,0,103.26559456,0.6822
1625502976273000,0,155.78741499,0.6826
1625502976338000,1,103.26559456,0.6822
1625502977115000,0,146.73440544,0.6817
1625502979270000,0,64.63066076,0.6819
1625502981234000,1,229.95612000,0.6797
1625502982464000,0,88.54650400,0.6807
1625502986486000,0,250.00000000,0.6786
1625502986486000,0,235.61750000,0.6793
1625502996009000,0,250.00000000,0.6714
1625502996193000,0,450.08713000,0.6714
1625503001229000,1,203.21147237,0.6712
1625503004695000,1,249.99997025,0.6721
1625503020282000,0,103.23301550,0.6712
1625503026987000,0,250.00000000,0.6706
1625503027140000,0,607.84417658,0.6706
1625503027171000,0,137.59934342,0.6706
1625503027764000,0,250.00000000,0.6718
1625503038762000,0,250.00000000,0.6704
1625503039071000,0,550.49456000,0.6704
1625503057315000,0,147.00000000,0.6737
1625503078922000,1,250.00000000,0.6798
1625503080179000,1,157.40860000,0.6798
1625503081174000,1,250.00000000,0.6791
1625503082979000,1,249.99996280,0.6787
1625503098803000,0,250.00000000,0.6764
1625503100271000,0,250.00000000,0.6757
1625503100495000,0,437.92319000,0.6757
1625503104319000,1,100.04072123,0.6758
1625503104394000,0,250.00000000,0.6757
1625503104426000,0,96.29260897,0.6757
1625503106996000,1,249.99996365,0.6757
1625503108260000,0,89.89201105,0.6754
1625503128800000,1,147.00000000,0.6725
1625503149718000,1,249.99628071,0.6722
1625503202594000,1,250.00000000,0.6732
1625503363527000,1,149.27713000,0.6732
1625503581781000,1,250.00000000,0.6752
1625503741621000,0,30.00000000,0.6740
1625504289162000,1,250.00000000,0.6730
1625504411180000,0,147.00000000,0.6747
1625505084799000,1,250.00000000,0.6737
1625505353212000,0,250.00000000,0.6736
1625505353758000,1,249.99997033,0.6740
1625505354156000,1,250.00000000,0.6742
1625505355258000,0,250.00000000,0.6768
1625505356953000,0,250.00000000,0.6768
1625505371873000,0,250.00000000,0.6784
1625505377803000,1,228.76310628,0.6781
1625505377958000,0,93.19428668,0.6807
1625505382468000,0,87.96840734,0.6783
1625505383155000,1,100.73782733,0.6763
1625505383235000,1,103.42752896,0.6765
1625505383235000,1,0.00004791,0.6763
1625505383235000,1,545.83222466,0.6762
1625505386279000,0,151.34740500,0.6783
1625505387176000,0,250.00000000,0.6783
1625505393519000,1,250.00000000,0.6799
1625505394526000,1,202.70887000,0.6799
1625505400461000,1,250.00000000,0.6799
1625505419210000,0,250.00000000,0.6782
1625505420736000,0,250.00000000,0.6782
1625505421722000,0,276.86349000,0.6782
1625505422749000,0,970.79287000,0.6789
1625505423879000,1,249.98527680,0.6792
1625505423915000,1,0.01472320,0.6792
1625505423978000,0,108.40409534,0.6785
1625505424577000,0,907.08881000,0.6786
1625505426041000,0,99.19953126,0.6794
1625505433288000,1,250.00000000,0.6715
1625505434639000,1,219.00254661,0.6715
1625505546451000,0,250.00000000,0.6735
1625505715707000,0,250.00000000,0.6734
1625505737938000,0,100.61222349,0.6797
1625505740109000,0,542.76470588,0.6800
1625505742065000,0,147.30143766,0.6789
1625505743223000,0,92.42870611,0.6789
1625505752687000,1,250.00000000,0.6783
1625505754064000,0,90.39873337,0.6797
1625505755469000,0,249.75000000,0.6794
1625505759883000,0,250.00000000,0.6813
1625505762077000,0,250.00000000,0.6817
1625505762077000,0,405.97666173,0.6826
1625505762253000,0,0.94076033,0.6826
1625505762253000,0,145.56436002,0.6826
1625505764480000,0,146.72437826,0.6815
1625505764864000,0,103.27562174,0.6815
1625505765175000,1,92.94805957,0.6815
1625505765334000,1,250.00000000,0.6799
1625505789878000,0,250.00000000,0.6808
1625505830019000,1,97.26373870,0.6726
1625505830019000,1,243.71463212,0.6722
1625505840353000,0,250.00000000,0.6734
1625505841375000,0,250.00000000,0.6734
1625506039394000,1,250.00000000,0.6715
1625506040100000,1,161.01545905,0.6715
1625506362782000,1,1000.00000000,0.6700
1625506371252000,1,250.00000000,0.6695
1625506372263000,1,131.51568000,0.6695
1625506376736000,1,541.45251039,0.6696
1625506377156000,1,0.00002961,0.6696
1625506447559000,0,250.00000000,0.6666
1625506462518000,0,250.00000000,0.6692
1625506486958000,0,250.00000000,0.6710
1625506497878000,0,201.81377300,0.6737
1625506510927000,1,250.00000000,0.6734
1625506549256000,1,101.45670490,0.6766
1625506549256000,1,1374.20561824,0.6763
1625506550755000,1,250.00000000,0.6770
1625506574360000,1,250.00000000,0.6751
1625506575656000,1,118.39095000,0.6751
1625506577134000,1,250.00000000,0.6758
1625506577773000,1,108.56029000,0.6758
1625506593659000,1,147.00000000,0.6745
1625506883713000,1,250.00000000,0.6681
1625506883760000,1,1650.81877647,0.6681
1625507016080000,1,474.58945000,0.6663
1625507050681000,1,30.30000000,0.6620
1625507050681000,1,452.00000000,0.6620
1625507050681000,1,129.00000000,0.6620
1625507141128000,0,250.00000000,0.6607
1625507204156000,0,101.75658192,0.6603
1625507204156000,0,98.10304589,0.6606
1625507204156000,0,0.75118824,0.6607
1625507329040000,1,245.53400000,0.6596
1625507340582000,1,1028.47909206,0.6591
1625507373390000,1,98.96859889,0.6583
1625507373458000,0,101.03140111,0.6582
1625507430743000,1,383.47217142,0.6604
1625507528021000,0,75.32729710,0.6638
1625507903052000,0,71.20756916,0.6696
1625509451774000,0,83.02446256,0.6745
1625509541726000,0,436.42593987,0.6775
1625509541726000,0,108.29528052,0.6778
1625509641806000,1,281.46480439,0.6748
1625509757625000,0,204.99998749,0.6731
1625509871959000,1,30.00000000,0.6725
1625511845097000,0,50.00000000,0.6734
1625512000680000,0,250.00000000,0.6740
1625512062164000,0,74.09493042,0.6748
1625512506090000,0,102.29098260,0.6751
1625512506090000,0,100.74729457,0.6754
1625512506090000,0,130.00000000,0.6754
1625512506090000,0,374.85191449,0.6756
1625512506090000,0,250.00000000,0.6757
1625512506090000,0,403.81799911,0.6760
1625512506090000,0,354.60306646,0.6760
1625512610860000,0,250.00000000,0.6757
1625512972405000,1,220.55193000,0.6748
1625513759700000,0,320.23469524,0.6758
1625514887217000,0,250.00000000,0.6760
1625514975523000,0,250.00000000,0.6762
1625515209369000,0,250.00000000,0.6773
1625515371710000,1,250.00000000,0.6782
1625515678033000,0,250.00000000,0.6796
1625516280771000,0,97.00192290,0.6815
1625516280771000,0,102.36476020,0.6819
1625516280771000,0,94.51978151,0.6821
1625516280771000,0,250.00000000,0.6822
1625516280771000,0,371.21281849,0.6825
1625516280771000,0,421.11849980,0.6829
1625516280771000,0,1842.22400879,0.6830
1625516281175000,0,250.00000000,0.6815
1625516426415000,1,268.93278846,0.6791
1625516426679000,1,0.00002154,0.6791
1625516546665000,1,270.15815791,0.6760
1625516546925000,1,153.23138626,0.6760
1625516586880000,0,155.69859000,0.6762
1625516609815000,1,30.00000000,0.6763
1625516892767000,1,209.81382000,0.6755
1625516984059000,1,182.20721000,0.6748
1625517006062000,0,250.00000000,0.6752
1625517019781000,0,249.99998520,0.6756
1625517333084000,1,169.04571000,0.6738
1625517388154000,1,99.27434418,0.6736
1625517388154000,1,100.00857423,0.6734
1625517388154000,1,398.30166649,0.6732
1625517388154000,1,100.29329013,0.6732
1625517388154000,1,100.58052142,0.6729
1625517388154000,1,250.00000000,0.6723
1625517388154000,1,1875.94106208,0.6722
1625517388154000,1,396.71827106,0.6720
1625517388154000,1,147.00000000,0.6718
1625517388154000,1,2500.00000000,0.6718
1625517388154000,1,5.69820810,0.6712
1625517396182000,1,1875.94106208,0.6722
1625517396182000,1,250.00000000,0.6720
1625517396182000,1,414.48825963,0.6712
1625517396182000,1,147.00000000,0.6712
1625517396182000,1,2495.36136557,0.6712
1625517396182000,1,791.02525041,0.6711
1625517413112000,1,239.16765000,0.6706
1625517413385000,0,10.83235000,0.6703
1625517413385000,0,99.91164288,0.6703
1625517413385000,0,96.78643161,0.6705
1625517612161000,1,101.03912736,0.6670
1625517612879000,1,250.00000000,0.6670
1625517642522000,1,155.55131000,0.6666
1625517765096000,1,153.64913000,0.6673
1625518547906000,1,107.70082000,0.6714
1625518549173000,1,107.47346073,0.6713
1625518567937000,1,128.55857000,0.6726
1625518582946000,1,156.52190999,0.6727
1625518584925000,1,111.42829000,0.6729
1625518584925000,1,0.00000001,0.6727
1625518589181000,0,250.00000000,0.6741
1625518608931000,1,129.24901000,0.6717
1625518609130000,0,120.75099000,0.6715
1625518610818000,1,129.24898492,0.6715
1625518623965000,1,101.01449059,0.6673
1625518624076000,1,0.00546315,0.6673
1625518624076000,1,98.74724774,0.6672
1625518624076000,1,35.55013769,0.6670
1625518641955000,1,564.81557600,0.6670
1625518645159000,1,241.42431906,0.6670
1625518655277000,1,326.28434100,0.6670
1625518655446000,1,574.74421695,0.6670
1625518663203000,0,250.00000000,0.6670
1625518663363000,0,76.28434305,0.6670
1625518663363000,0,238.53123500,0.6670
1625518667007000,0,83.85820000,0.6706
1625518678225000,0,147.00000000,0.6745
1625518685382000,1,109.20017000,0.6741
1625518687163000,1,58.49429000,0.6738
1625518689950000,0,84.80863000,0.6732
1625518887403000,1,250.00000000,0.6730
1625518999597000,1,52.35946000,0.6733
1625519021835000,0,250.00000000,0.6714
1625519025587000,0,250.00000000,0.6706
1625519026730000,0,687.93702000,0.6706
1625519028546000,0,950.03796000,0.6707
1625519045235000,1,236.09923000,0.6720
1625519062240000,1,250.00000000,0.6724
1625519064689000,1,186.27775000,0.6724
1625519064689000,1,2.17769999,0.6724
1625519067036000,1,200.77577000,0.6724
1625519917266000,1,98.41074498,0.6744
1625519917266000,1,221.60264281,0.6741
1625519917266000,1,102.52164102,0.6738
1625519917266000,1,98.71931997,0.6738
1625519917266000,1,72.11785685,0.6736
1625520249339000,1,250.00000000,0.6738
1625520632559000,0,250.00000000,0.6725
1625520909610000,1,114.90781000,0.6713
1625520911303000,1,169.82727000,0.6715
1625521812815000,1,140.43158000,0.6756
1625521961736000,1,133.68096000,0.6742
1625521963754000,1,135.14099000,0.6740
1625522011207000,0,250.00000000,0.6695
1625522205760000,1,98.08618958,0.6715
1625522206381000,1,250.00000000,0.6715
1625522211180000,1,131.43078000,0.6713
1625522212687000,0,98.92134253,0.6714
1625522212764000,1,31.31632747,0.6715
1625522330568000,0,250.00000000,0.6717
1625523285847000,1,91.38827000,0.6713
1625523314265000,1,107.17333000,0.6711
1625523316408000,1,126.56957000,0.6708
1625523791004000,1,250.00000000,0.6716
1625523906488000,0,147.00000000,0.6747
1625523950067000,0,88.19176252,0.6783
1625524654035000,1,250.00000000,0.6745
1625524668919000,1,80.99473000,0.6713
1625524670323000,1,116.87303000,0.6701
1625524670916000,0,76.36278000,0.6707
1625524687868000,0,250.00000000,0.6706
1625524688895000,0,250.00000000,0.6706
1625524690610000,1,98.34988883,0.6703
1625524690610000,1,97.73054920,0.6702
1625524690610000,1,250.00000000,0.6700
1625524690785000,0,247.73393197,0.6699
1625524692268000,1,250.00000000,0.6699
1625524693328000,1,250.00000000,0.6699
1625524694632000,1,193.81434032,0.6699
1625525106916000,0,100.16549821,0.6730
1625525106916000,0,103.35780065,0.6731
1625525106916000,0,102.72404789,0.6733
1625525106916000,0,351.36771634,0.6733
1625525296921000,1,169.77793322,0.6720
1625526123365000,1,102.41596938,0.6717
1625526176731000,0,148.00000000,0.6724
1625526373597000,1,101.97716503,0.6717
1625526386858000,0,250.00000000,0.6721
1625526409773000,0,250.00000000,0.6735
1625526418224000,1,113.78824000,0.6730
1625528028554000,1,148.00689000,0.6720
1625528469519000,1,134.49224000,0.6711
1625528475441000,1,125.39582000,0.6707
1625528478688000,1,250.00000000,0.6693
1625529160128000,1,105.51829000,0.6693
1625529171792000,1,85.10830000,0.6693
1625529227947000,1,102.11882000,0.6671
1625529227947000,1,147.88118000,0.6670
1625529235331000,1,79.87189000,0.6670
