timestamp ms,type,amount,price
1623628843353000,0,35.23277117,0.8558
1623628878798000,1,400.00000000,0.8535
1623628882052000,1,392.78386000,0.8535
1623628885663000,1,400.00000000,0.8533
1623628886890000,1,400.00000000,0.8525
1623628928560000,0,400.00000000,0.8571
1623628930271000,0,400.00000000,0.8582
1623628932268000,1,249.99998833,0.8575
1623628932270000,1,151.00001167,0.8575
1623628932270000,1,254.99997666,0.8573
1623628939255000,1,250.00000000,0.8567
1623628939337000,0,241.82520000,0.8564
1623628943365000,1,128.86245000,0.8573
1623628968241000,1,350.10768784,0.8634
1623629012772000,1,250.00000000,0.8569
1623629012772000,1,150.00000000,0.8568
1623629028050000,1,250.00000000,0.8542
1623629028226000,0,150.00000000,0.8540
1623629029127000,1,98.28017317,0.8540
1623629029127000,1,150.00000000,0.8540
1623629090981000,1,400.00000000,0.8548
1623629222265000,0,400.00000000,0.8521
1623629247635000,1,400.00000000,0.8520
1623629248735000,1,400.00000000,0.8520
1623629249738000,1,192.51072000,0.8520
1623629255925000,1,250.00000000,0.8498
1623629256183000,0,150.00000000,0.8498
1623629379843000,1,116.27825354,0.8522
1623629454714000,1,400.00000000,0.8483
1623629613047000,0,116.63959319,0.8495
1623629613793000,0,321.55353646,0.8495
1623629613976000,1,78.44646354,0.8496
1623629673001000,1,400.00000000,0.8498
1623629752502000,1,400.00000000,0.8471
1623629765574000,0,242.77263506,0.8480
1623629855038000,0,242.33962753,0.8521
1623630109976000,0,400.00000000,0.8566
1623630138931000,0,104.84595600,0.8561
1623630141327000,1,104.95386500,0.8565
1623630141747000,1,294.93814602,0.8581
1623630144851000,1,195.41062700,0.8574
1623630152260000,1,205.58937300,0.8574
1623630152260000,1,204.00000000,0.8574
1623630152260000,1,109.00960700,0.8572
1623630232763000,0,106.84152900,0.8586
1623630232959000,1,213.57648457,0.8587
1623630243520000,1,361.30907000,0.8584
1623630279730000,1,116.63959319,0.8601
1623630305398000,0,400.00000000,0.8597
1623630432170000,1,400.00000000,0.8614
1623630433201000,1,400.00000000,0.8614
1623630434356000,1,400.00000000,0.8614
1623630451711000,0,389.99998840,0.8618
1623630455374000,1,10.00001160,0.8622
1623630455374000,1,262.04690327,0.8622
1623630473559000,1,400.00000000,0.8610
1623630508537000,1,415.00000000,0.8617
1623630512620000,1,387.00000000,0.8617
1623630525787000,1,400.00000000,0.8616
1623630628782000,0,116.02197166,0.8648
1623630977509000,1,400.00000000,0.8594
1623631007394000,1,250.00000000,0.8562
1623631045488000,0,100.33332300,0.8552
1623631045621000,1,199.33332944,0.8555
1623631045801000,1,100.33334756,0.8555
1623631046560000,0,199.33333244,0.8555
1623631046948000,1,200.66664329,0.8555
1623631100617000,1,116.02197166,0.8534
1623631239837000,1,400.00000000,0.8539
1623631282940000,0,150.53806482,0.8551
1623631283162000,1,249.46193518,0.8552
1623631386299000,1,400.00000000,0.8541
1623631387902000,1,239.92193000,0.8541
1623631388177000,0,160.07807000,0.8538
1623631388177000,0,399.00000000,0.8539
1623631446099000,1,150.53803316,0.8583
1623631518833000,1,400.00000000,0.8588
1623631520580000,1,122.27638600,0.8581
1623631520633000,1,400.00000000,0.8581
1623631646398000,0,400.00000000,0.8596
1623631756870000,0,114.97149227,0.8612
1623631849075000,1,400.00000000,0.8589
1623632287367000,0,400.00000000,0.8594
1623632288372000,0,250.00000000,0.8606
1623632288580000,1,150.00000000,0.8608
1623632351910000,1,400.00000000,0.8584
1623632382593000,0,250.00000000,0.8606
1623632382593000,0,150.00000000,0.8609
1623632503181000,1,400.00000000,0.8610
1623632549247000,1,121.58054711,0.8589
1623632666369000,1,400.00000000,0.8589
1623632868837000,1,400.00000000,0.8567
1623632870038000,1,308.76680000,0.8567
1623632873581000,1,400.00000000,0.8559
1623632952977000,0,389.99999500,0.8561
1623632952977000,0,10.00000500,0.8561
1623632953165000,1,400.00000000,0.8561
1623633220106000,0,400.00000000,0.8560
1623633232477000,0,180.15151291,0.8560
1623633232568000,1,219.84848709,0.8560
1623633308171000,1,400.00000000,0.8556
1623633698975000,1,400.00000000,0.8562
1623633700115000,1,217.51277000,0.8562
1623633750845000,1,400.00000000,0.8556
1623633815989000,1,400.00000000,0.8581
1623633941678000,1,400.00000000,0.8562
1623634415451000,1,400.00000000,0.8615
1623634967782000,1,114.97149227,0.8646
1623635024488000,0,37.67897514,0.8646
1623635028242000,0,115.66042100,0.8646
1623635029416000,0,115.66042100,0.8646
1623635048368000,1,782.66203000,0.8598
1623635105090000,0,400.00000000,0.8571
1623635108231000,0,179.43715865,0.8571
1623635108374000,1,220.56284135,0.8571
1623635109017000,1,409.00000000,0.8575
1623635109017000,1,391.00000000,0.8571
1623635265918000,1,400.00000000,0.8567
1623635485141000,1,400.00000000,0.8587
1623635639369000,0,115.25529842,0.8625
1623635858644000,1,400.00000000,0.8620
1623635877586000,0,400.00000000,0.8619
1623635899493000,1,115.25529842,0.8597
1623636023569000,1,400.00000000,0.8613
1623636024599000,1,250.00000000,0.8618
1623636025100000,1,400.00000000,0.8625
1623636155549000,0,400.00000000,0.8612
1623636160845000,0,400.00000000,0.8622
1623636325368000,0,399.99997679,0.8622
1623636391588000,1,150.10821000,0.8629
1623636787736000,1,400.00000000,0.8617
1623636789575000,1,400.00000000,0.8617
1623636808346000,1,400.00000000,0.8617
1623637561739000,1,400.00000000,0.8598
1623637910600000,1,399.99997674,0.8598
1623637912689000,1,400.00000000,0.8587
1623638709837000,0,400.00000000,0.8634
1623638769583000,1,400.00000000,0.8631
1623639423031000,0,400.00000000,0.8631
1623639451534000,1,400.00000000,0.8610
1623639452787000,1,400.00000000,0.8610
1623639453851000,1,400.00000000,0.8612
1623639969693000,0,400.00000000,0.8607
1623640265070000,1,400.00000000,0.8596
1623640277250000,0,246.43991382,0.8586
1623640277356000,1,153.56005171,0.8588
1623640299176000,0,185.03845841,0.8583
1623640300228000,0,29.46252000,0.8588
1623640333552000,1,240.04993038,0.8575
1623640459133000,1,68.05399000,0.8577
1623640502181000,0,400.00000000,0.8602
1623640503350000,0,177.45301199,0.8602
1623640503578000,1,222.54698801,0.8602
1623640522064000,0,400.00000000,0.8604
1623640523572000,1,400.00000000,0.8608
1623640524770000,1,400.00000000,0.8623
1623640525754000,1,398.90223963,0.8607
1623640883362000,0,400.00000000,0.8584
1623640886870000,0,312.65402595,0.8590
1623641050933000,1,400.00000000,0.8578
1623641051923000,1,342.05366000,0.8578
1623641053796000,0,57.94634000,0.8573
1623641053796000,0,393.00000000,0.8573
1623641053796000,0,405.00000000,0.8576
1623641053876000,1,71.12363000,0.8576
1623641074222000,1,400.00000000,0.8562
1623641074686000,1,192.05364100,0.8562
1623641074994000,1,207.94633565,0.8562
1623641163381000,0,400.00000000,0.8545
1623641213982000,1,400.00000000,0.8565
1623641245414000,0,233.90445003,0.8550
1623641396998000,0,400.00000000,0.8501
1623641404084000,1,400.00000000,0.8497
1623641405198000,1,400.00000000,0.8497
1623641481756000,0,250.00000000,0.8504
1623641481967000,1,150.00000000,0.8506
1623641487324000,1,164.69914000,0.8474
1623641722838000,0,400.00000000,0.8505
1623641787880000,1,400.00000000,0.8488
1623641828431000,0,400.00000000,0.8489
1623641830305000,0,400.00000000,0.8504
1623641832990000,0,330.17839491,0.8504
1623641833494000,1,69.82160509,0.8505
1623641904220000,1,171.00764250,0.8490
1623642014030000,1,171.00764300,0.8467
1623642026483000,0,400.00000000,0.8486
1623642049713000,0,171.27042000,0.8493
1623642049995000,1,228.72958000,0.8494
1623642236792000,1,400.00000000,0.8491
1623642238025000,1,400.00000000,0.8491
1623642240589000,0,400.00000000,0.8489
1623642249435000,1,400.00000000,0.8488
1623642250484000,1,400.00000000,0.8484
1623642251672000,1,267.72709000,0.8484
1623642303802000,0,400.00000000,0.8496
1623642374108000,1,111.57145000,0.8476
1623643441768000,0,399.99997647,0.8500
1623643441993000,1,0.00002353,0.8500
1623643441993000,1,402.00000000,0.8499
1623643632992000,1,400.00000000,0.8469
1623643830440000,1,117.08677515,0.8462
1623643852754000,0,400.00000000,0.8469
1623643896473000,1,400.00000000,0.8457
1623643897474000,1,361.31250000,0.8457
1623643899049000,0,38.68750000,0.8455
1623643951711000,0,400.00000000,0.8463
1623644628136000,0,249.99998824,0.8502
1623644909261000,0,400.00000000,0.8520
1623644910971000,1,400.00000000,0.8524
1623645138976000,0,400.00000000,0.8490
1623645239203000,0,400.00000000,0.8516
1623645240449000,0,328.91725492,0.8516
1623645240533000,1,71.08274508,0.8517
1623645240553000,0,407.00000000,0.8516
1623645396179000,0,400.00000000,0.8493
1623645397106000,1,400.00000000,0.8491
1623645398155000,1,400.00000000,0.8491
1623645481549000,0,250.00000000,0.8518
1623645481549000,0,150.00000000,0.8518
1623645483039000,0,400.00000000,0.8521
1623646101168000,1,400.00000000,0.8544
1623646102243000,1,400.00000000,0.8540
1623646108586000,0,400.00000000,0.8539
1623646110591000,0,399.99997654,0.8524
1623646190168000,1,400.00000000,0.8545
1623646229030000,1,400.00000000,0.8522
1623646651660000,0,400.00000000,0.8545
1623646973775000,1,400.00000000,0.8536
1623646974981000,0,400.00000000,0.8530
1623646989383000,0,250.00000000,0.8554
1623646989916000,1,150.00000000,0.8555
1623647129781000,1,400.00000000,0.8562
1623647241975000,0,400.00000000,0.8533
1623647522944000,1,400.00000000,0.8538
1623647988964000,1,400.00000000,0.8567
1623647989854000,0,400.00000000,0.8567
1623648023573000,0,400.00000000,0.8581
1623648088772000,0,400.00000000,0.8601
1623648225194000,0,163.51762298,0.8665
1623648225585000,1,236.48237702,0.8666
1623648226584000,1,400.99998845,0.8652
1623648226695000,0,400.00000000,0.8654
1623648230308000,0,7.99997690,0.8654
1623648234897000,0,236.48238000,0.8666
1623648266801000,1,400.00000000,0.8691
1623648272096000,1,400.00000000,0.8691
1623648273914000,1,400.00000000,0.8690
1623648566202000,0,400.00000000,0.8731
1623648577974000,0,400.00000000,0.8727
1623648578688000,0,0.20181000,0.8727
1623648612288000,0,384.99998863,0.8792
1623648680188000,1,400.00000000,0.8824
1623648681703000,1,313.50352000,0.8824
1623648701149000,0,400.00000000,0.8850
1623648702862000,0,100.00000000,0.8850
1623648799853000,1,400.00000000,0.8881
1623648840980000,0,293.35351768,0.8857
1623648841578000,0,383.99998872,0.8859
1623648865309000,0,400.00000000,0.8901
1623648869056000,0,400.00000000,0.8901
1623648870369000,0,400.00000000,0.8901
1623648871401000,0,395.08249990,0.8901
1623648879916000,0,56.41812603,0.8925
1623648909334000,1,400.00000000,0.8886
1623649207390000,0,400.00000000,0.8916
1623649298996000,0,400.49231000,0.8927
1623649709657000,0,23.00000000,0.8978
1623649860252000,1,29.00000000,0.8956
1623649920383000,0,400.00000000,0.8934
1623650020602000,1,400.00000000,0.8941
1623650031084000,1,400.29372000,0.8916
1623650190778000,0,400.00000000,0.8887
1623650212517000,0,953.95624000,0.8951
1623650212642000,0,250.00000000,0.8976
1623650213777000,0,24.00000000,0.9000
1623650214263000,1,376.00000000,0.9002
1623650214263000,1,250.00000000,0.8973
1623650214263000,1,79.40940000,0.8964
1623650214652000,0,207.49167159,0.8975
1623650214652000,0,192.50832841,0.8978
1623650215656000,0,400.00000000,0.8974
1623650224383000,0,208.48971116,0.8978
1623650225769000,0,250.00000000,0.9002
1623650225873000,0,125.99280184,0.9002
1623650246299000,0,35.52397870,0.9100
1623650246335000,0,207.26223589,0.9100
1623650246335000,0,389.00000000,0.9129
1623650246335000,0,140.95013411,0.9133
1623650251707000,1,411.98732618,0.9090
1623650261099000,0,109.39961491,0.9141
1623650278293000,0,108.77368547,0.9193
1623650288900000,1,330.94596003,0.9195
1623650289405000,0,69.05403997,0.9191
1623650295849000,1,400.00000000,0.9229
1623650309986000,1,400.00000000,0.9240
1623650310215000,1,443.11127000,0.9240
1623650317914000,0,250.00000000,0.9230
1623650320796000,1,249.99999500,0.9230
1623650406382000,0,400.00000000,0.9162
1623650407353000,1,250.00000000,0.9144
1623650407465000,0,150.00000000,0.9143
1623650408448000,1,109.36013386,0.9144
1623650408448000,1,99.78647687,0.9143
1623650467093000,0,109.36013386,0.9143
1623650467093000,0,290.63986614,0.9144
1623650603942000,0,153.31208865,0.9132
1623651015941000,1,137.71146600,0.9102
1623651103082000,1,400.00000000,0.9104
1623651104173000,1,400.00000000,0.9104
1623651161498000,0,145.33481500,0.9120
1623651161498000,0,121.08150959,0.9120
1623651161693000,1,121.08155076,0.9121
1623651172228000,1,384.00000000,0.9102
1623651172228000,1,12.83424000,0.9099
1623651247596000,0,400.00000000,0.9139
1623651256056000,1,121.22037035,0.9113
1623651321675000,0,388.62979818,0.9150
1623651358804000,1,400.00000000,0.9122
1623651360091000,1,340.02834000,0.9122
1623651361697000,1,400.00000000,0.9119
1623651376165000,0,121.13785612,0.9116
1623651432449000,1,406.00000000,0.9115
1623651432614000,0,1719.07446415,0.9115
1623651785304000,1,400.00000000,0.9114
1623652184579000,1,400.00000000,0.9141
1623652195067000,1,394.00000000,0.9117
1623652195067000,1,6.33445000,0.9115
1623652550920000,1,71.96000000,0.9123
1623652994381000,0,400.00000000,0.9119
1623652995588000,0,400.00000000,0.9113
1623653558642000,0,129.54326606,0.9150
1623653826979000,0,397.00000000,0.9163
1623653826979000,0,403.00000000,0.9165
1623653826979000,0,250.00000000,0.9167
1623653826979000,0,250.00000000,0.9178
1623653826979000,0,339.37096519,0.9179
1623653826979000,0,89.19505359,0.9192
1623653826979000,0,672.11229989,0.9193
1623653826979000,0,987.50479000,0.9196
1623653826979000,0,671.55871015,0.9206
1623653826979000,0,1265.16334000,0.9252
1623653826979000,0,1027.19659013,0.9281
1623653827763000,1,320.24182811,0.9179
1623653827763000,1,653.72769406,0.9165
1623653836768000,1,338.85118810,0.9166
1623653848766000,1,318.83989448,0.9173
1623653848766000,1,651.83289996,0.9159
1623653884237000,0,250.00000000,0.9184
1623653884362000,1,150.00000000,0.9185
1623653886088000,0,150.00000000,0.9185
1623653886163000,1,250.00000000,0.9187
1623653897858000,0,210.80184395,0.9184
1623653897971000,1,189.19815605,0.9188
1623653910969000,1,27.32442453,0.9197
1623653946749000,0,336.36833600,0.9224
1623653946963000,1,63.63166400,0.9224
1623653947776000,0,63.63166000,0.9224
1623653947933000,1,336.36834000,0.9229
1623653959518000,0,63.63166000,0.9224
1623653959776000,1,336.36834000,0.9230
1623653959776000,1,398.00000000,0.9228
1623654635550000,1,250.00000000,0.9234
1623654714091000,1,250.00000000,0.9226
1623654832395000,0,400.00000000,0.9197
1623655489998000,1,400.00000000,0.9191
1623655746409000,1,400.00000000,0.9213
1623655749714000,1,400.00000000,0.9213
1623655769867000,0,400.00000000,0.9234
1623655770882000,0,400.00000000,0.9234
1623655775939000,0,400.00000000,0.9234
1623655778136000,0,400.00000000,0.9234
1623655787944000,0,5908.18403411,0.9234
1623655810556000,1,400.00000000,0.9224
1623656206863000,1,400.00000000,0.9205
1623656220045000,1,400.00000000,0.9192
1623656229783000,0,400.00000000,0.9189
1623656283242000,0,399.99997824,0.9187
1623656870432000,1,400.00000000,0.9171
1623656871461000,1,400.00000000,0.9162
1623656873265000,1,400.00000000,0.9162
1623656874762000,1,18.20100000,0.9162
1623656874762000,1,381.79897816,0.9156
1623657045776000,1,224.22530158,0.9123
1623657079162000,1,100.14779800,0.9101
1623657619396000,1,400.00000000,0.9156
1623657620842000,1,400.00000000,0.9133
1623657622268000,1,305.41324000,0.9133
1623657622377000,0,94.58676000,0.9131
1623658468709000,0,400.00000000,0.9064
1623658608322000,0,408.00000000,0.9063
1623658898380000,1,400.00000000,0.9091
1623659132367000,0,227.10342055,0.9097
1623659523713000,1,400.00000000,0.9101
1623660134716000,1,40.00000000,0.9070
1623660350039000,0,250.00000000,0.9085
1623660445908000,1,400.00000000,0.9056
1623660446859000,1,63.59149474,0.9056
1623660618169000,1,400.00000000,0.9051
1623660641460000,1,400.00000000,0.9030
1623660730775000,1,53.16548567,0.9036
1623660815582000,0,80.02453987,0.9043
1623660824170000,1,400.00000000,0.9066
1623661203498000,0,400.00000000,0.9063
1623661286313000,0,400.00000000,0.9088
1623661613457000,0,226.81001650,0.9101
1623661613585000,1,173.18998350,0.9101
1623661652277000,0,100.00000000,0.9110
1623661652569000,1,392.00000000,0.9114
1623661653090000,1,300.00000000,0.9112
1623661991729000,1,172.25264153,0.9095
1623661991987000,0,227.74735847,0.9092
1623662205555000,0,226.69361370,0.9092
1623662224552000,0,250.00000000,0.9116
1623662224852000,1,2500.00000000,0.9114
1623662331095000,1,400.00000000,0.9158
1623662402181000,1,400.00000000,0.9145
1623662731486000,0,400.00000000,0.9135
1623662985691000,0,250.00000000,0.9130
1623662985778000,1,150.00000000,0.9134
1623663186034000,1,400.00000000,0.9099
1623663637333000,0,250.00000000,0.9089
1623663669440000,0,250.00000000,0.9122
1623663669571000,1,150.00000000,0.9125
1623663998237000,1,400.00000000,0.9124
1623663999261000,1,400.00000000,0.9106
1623664000291000,1,258.51224000,0.9106
1623664000383000,0,141.48776000,0.9105
1623664000383000,0,400.00000000,0.9106
1623664008319000,1,400.00000000,0.9099
1623664016761000,0,402.00000000,0.9127
1623664016761000,0,387.00000000,0.9129
1623664016761000,0,250.00000000,0.9131
1623664016761000,0,470.89630229,0.9138
1623664320069000,0,250.00000000,0.9116
1623664320172000,1,150.00000000,0.9116
1623664320172000,1,413.00000000,0.9115
1623664320172000,1,373.00000000,0.9111
1623664536764000,0,250.00000000,0.9100
1623664639234000,1,233.90445003,0.9087
1623664805615000,1,400.00000000,0.9083
1623664806709000,1,400.00000000,0.9079
1623664875135000,0,400.00000000,0.9086
1623665273823000,1,400.00000000,0.9070
1623665275014000,1,400.00000000,0.9070
1623665385794000,0,250.00000000,0.9096
1623665385963000,1,150.00000000,0.9096
1623665584797000,0,250.00000000,0.9101
1623665675971000,1,400.00000000,0.9227
1623665915785000,0,400.00000000,0.9183
1623666291822000,0,353.72315008,0.9183
1623666292962000,0,400.00000000,0.9201
1623666333736000,1,757.33962000,0.9234
1623666336165000,1,624.48730000,0.9235
1623666339079000,1,400.00000000,0.9224
1623666339170000,1,610.81471000,0.9224
1623666339409000,0,394.66406719,0.9217
1623666409026000,0,41.96322179,0.9315
1623666451583000,0,192.85614913,0.9352
1623666511042000,0,400.00000000,0.9490
1623666512034000,0,213.04033676,0.9490
1623666514347000,0,23.00000000,0.9500
1623666514347000,0,112.03740968,0.9500
1623666635178000,1,400.00000000,0.9542
1623666640318000,0,400.00000000,0.9550
1623666642188000,0,185.00000000,0.9550
1623666683914000,1,400.00000000,0.9540
1623666686120000,1,400.00000000,0.9530
1623666687224000,1,236.38205000,0.9530
1623666691206000,0,400.00000000,0.9517
1623666786222000,1,316.59916109,0.9584
1623666786718000,1,83.40083891,0.9584
1623666787168000,0,0.00000109,0.9584
1623666852901000,0,59.62815880,0.9723
1623666854005000,1,340.37184120,0.9723
1623666870507000,1,39.52541267,0.9712
1623666888933000,0,400.00000000,0.9756
1623666889934000,0,250.00000000,0.9759
1623666890165000,1,150.00000000,0.9764
1623666892023000,0,150.00000000,0.9764
1623666895315000,0,107.31188731,0.9783
1623666896037000,0,400.00000000,0.9751
1623666912152000,1,400.00000000,0.9720
1623666913314000,1,400.00000000,0.9732
1623666914327000,1,238.87832558,0.9727
1623666915524000,1,400.00000000,0.9720
1623666916530000,1,400.00000000,0.9720
1623666917724000,1,123.35021000,0.9720
1623666918343000,0,276.64977417,0.9716
1623666919601000,1,276.85429500,0.9698
1623666930071000,1,239.04329000,0.9722
1623666965378000,0,250.00000000,0.9711
1623666965728000,1,150.00000000,0.9712
1623666966373000,0,400.00000000,0.9714
1623666968564000,0,364.24723000,0.9714
1623666981401000,1,400.00000000,0.9725
1623666982602000,1,236.05236000,0.9725
1623666987660000,1,400.00000000,0.9721
1623666988663000,1,212.67554000,0.9721
1623666988891000,0,187.32446000,0.9716
1623666989259000,1,123.14570391,0.9685
1623667123657000,0,212.67550604,0.9720
1623667123774000,1,397.00000000,0.9725
1623667123774000,1,187.32449396,0.9724
1623667123774000,1,392.00000000,0.9722
1623667124686000,0,187.32449000,0.9724
1623667126010000,1,128.08170090,0.9725
1623667267020000,1,319.95609311,0.9624
1623667268133000,1,400.00000000,0.9607
1623667269104000,1,400.00000000,0.9590
1623667285491000,1,250.00000000,0.9544
1623667285491000,1,2500.00000000,0.9518
1623667285491000,1,304.03831837,0.9518
1623667285491000,1,637.20640794,0.9504
1623667285491000,1,659.98748561,0.9489
1623667285491000,1,57.69651999,0.9428
1623667285491000,1,649.70350000,0.9372
1623667285491000,1,897.71497000,0.9342
1623667285491000,1,395.75454704,0.9115
1623667286063000,1,29.81359061,0.9549
1623667291454000,0,400.00000000,0.9532
1623667294568000,0,111.00223300,0.9532
1623667295207000,0,132.35021735,0.9532
1623667300677000,0,104.91528091,0.9532
1623667301638000,0,171.73449874,0.9532
1623667301867000,0,104.60469884,0.9559
1623667312542000,0,323.00331950,0.9511
1623667315966000,1,107.31188731,0.9498
1623667318400000,0,128.53845700,0.9512
1623667318608000,1,182.45490935,0.9516
1623667318737000,1,223.54509065,0.9516
1623667318737000,1,47.91644935,0.9516
1623667331562000,0,400.00000000,0.9482
1623667332503000,0,234.75906245,0.9482
1623667332689000,0,0.00001755,0.9482
1623667334582000,1,399.99998245,0.9487
1623667334583000,1,334.57767988,0.9471
1623667374176000,0,104.57639200,0.9488
1623667379860000,0,317.79420391,0.9505
1623667379965000,1,82.20579609,0.9506
1623667380895000,0,231.31641047,0.9506
1623667395189000,0,400.00000000,0.9525
1623667523846000,1,216.45771282,0.9527
1623667583593000,1,22.42700000,0.9462
1623667609186000,1,107.49998946,0.9480
1623667629379000,0,107.49998946,0.9470
1623667933935000,1,250.00000000,0.9604
1623667934037000,0,142.35370692,0.9604
1623668066449000,1,400.00000000,0.9609
1623668122842000,1,400.00000000,0.9584
1623668138599000,0,386.00000000,0.9577
1623668138599000,0,407.00000000,0.9579
1623668138599000,0,1295.15098595,0.9581
1623668138599000,0,1726.81090849,0.9597
1623668138599000,0,337.30951736,0.9598
1623668138599000,0,659.97641211,0.9612
1623668138599000,0,676.43674498,0.9627
1623668138599000,0,869.04487000,0.9638
1623668138599000,0,2156.07555979,0.9649
1623668138599000,0,57.69651999,0.9706
1623668138599000,0,972.15863000,0.9706
1623668138599000,0,2864.11429835,0.9728
1623668176042000,1,250.00000000,0.9609
1623668176555000,0,400.00000000,0.9612
1623668176580000,0,475.78691000,0.9612
1623668177582000,0,400.00000000,0.9669
1623668178296000,1,324.11879064,0.9614
1623668178296000,1,74.44340936,0.9600
1623668191282000,0,102.78231733,0.9729
1623668197365000,0,408.00000000,0.9698
1623668197365000,0,389.00000000,0.9702
1623668197365000,0,865.12884000,0.9703
1623668198271000,0,103.25032008,0.9685
1623668210462000,0,309.46711596,0.9735
1623668211301000,0,81.47959564,0.9735
1623668218970000,1,400.00000000,0.9762
1623668220092000,0,102.24844327,0.9780
1623668221330000,0,400.00000000,0.9785
1623668222294000,0,400.00000000,0.9785
1623668223898000,0,200.00000000,0.9785
1623668226076000,1,400.00000000,0.9783
1623668226713000,0,400.00000000,0.9800
1623668227902000,0,100.00000000,0.9800
1623668229927000,1,400.00000000,0.9827
1623668229971000,1,503.85841000,0.9827
1623668232918000,1,311.90049530,0.9820
1623668232918000,1,88.09950470,0.9805
1623668233252000,1,557.88045640,0.9805
1623668233252000,1,640.15091291,0.9790
1623668233252000,1,880.85377000,0.9783
1623668236845000,0,400.00000000,0.9805
1623668238701000,0,245.96995442,0.9805
1623668238701000,0,154.03004558,0.9807
1623668267538000,1,400.00000000,0.9764
1623668295984000,0,400.00000000,0.9767
1623668310507000,1,22.00000000,0.9754
1623668343157000,0,400.00000000,0.9790
1623668346652000,0,400.00000000,0.9790
1623668349937000,0,141.31742811,0.9790
1623668370078000,0,389.00000000,0.9813
1623668370078000,0,415.00000000,0.9817
1623668370078000,0,1137.64952185,0.9818
1623668370078000,0,311.89726985,0.9821
1623668370078000,0,409.00000000,0.9821
1623668370078000,0,303.03960624,0.9822
1623668370078000,0,1347.98846873,0.9835
1623668370078000,0,641.71970415,0.9843
1623668370078000,0,612.50857588,0.9858
1623668370078000,0,673.27743000,0.9862
1623668370078000,0,393.63220519,0.9872
1623668544882000,0,250.00000000,0.9738
1623668544974000,1,150.00000000,0.9741
1623668566689000,0,399.99998302,0.9713
1623668566796000,0,0.00001698,0.9713
1623668662624000,0,250.00000000,0.9717
1623668662768000,1,150.00000000,0.9718
1623668664227000,0,400.00000000,0.9722
1623668903584000,1,400.00000000,0.9684
1623668904152000,1,399.00000000,0.9658
1623668904152000,1,360.89154910,0.9655
1623669044759000,1,400.00000000,0.9689
1623669217157000,1,250.00000000,0.9701
1623669217362000,0,150.00000000,0.9698
1623669221736000,1,249.99997451,0.9698
1623669221736000,1,150.00000000,0.9698
1623669221981000,0,0.00002549,0.9696
1623669221981000,0,400.00000000,0.9698
1623669310376000,0,400.00000000,0.9687
1623669360177000,0,399.99998962,0.9631
1623669362813000,1,400.00000000,0.9617
1623669886264000,0,250.00000000,0.9495
1623669916034000,0,250.00000000,0.9507
1623669920926000,1,388.00000000,0.9498
1623669920926000,1,409.00000000,0.9496
1623669920926000,1,846.90723000,0.9494
1623669920926000,1,250.00000000,0.9490
1623669920926000,1,317.71362486,0.9469
1623669920926000,1,2024.23600000,0.9463
1623669920926000,1,2500.00000000,0.9463
1623669920926000,1,672.76387706,0.9455
1623669920926000,1,872.55773000,0.9447
1623669920926000,1,650.98584296,0.9441
1623669920926000,1,1063.23737000,0.9406
1623669920926000,1,1659.73749000,0.9369
1623669920926000,1,752.63528212,0.9320
1623669921091000,1,331.28601847,0.9503
1623669921092000,1,68.71398153,0.9503
1623669922037000,0,400.00000000,0.9487
1623670543465000,0,408.00000000,0.9485
1623670543585000,1,365.61812488,0.9485
1623670813118000,0,225.25109112,0.9508
1623671026891000,1,400.00000000,0.9493
1623671027980000,1,400.00000000,0.9477
1623671028980000,1,400.00000000,0.9477
1623671030486000,1,192.15824000,0.9477
1623671030614000,0,207.84176000,0.9474
1623671031488000,1,386.99998260,0.9474
1623671031488000,1,13.00001740,0.9474
1623671032783000,1,197.19284900,0.9478
1623671033978000,1,179.15820520,0.9474
1623671241951000,1,59.28811901,0.9418
1623671384535000,0,250.00000000,0.9453
1623671384535000,0,197.86752716,0.9454
1623671472774000,0,190.00000000,0.9450
1623671583415000,0,250.00000000,0.9441
1623671585754000,0,250.00000000,0.9448
1623671591790000,0,250.00000000,0.9444
1623671591978000,1,150.00000000,0.9446
1623671638389000,0,250.00000000,0.9443
1623671832623000,1,50.00000000,0.9397
1623671857903000,0,250.00000000,0.9410
1623671857903000,0,25.00000000,0.9410
1623671858171000,1,125.00000000,0.9410
1623671894503000,1,400.00000000,0.9390
1623671894521000,1,250.00000000,0.9390
1623671895769000,1,35.24176000,0.9390
1623671974746000,1,56.90807070,0.9350
1623672010786000,0,400.00000000,0.9332
1623672238284000,0,400.00000000,0.9342
1623672428480000,0,250.00000000,0.9384
1623672428571000,1,150.00000000,0.9385
1623672619595000,0,400.00000000,0.9373
1623672804760000,1,400.00000000,0.9374
1623672959317000,1,285.90161993,0.9371
1623673242627000,0,250.00000000,0.9350
1623673510094000,1,400.00000000,0.9392
1623673511091000,1,221.03867000,0.9392
1623673535066000,0,396.94803163,0.9383
1623673585537000,0,50.00000000,0.9407
1623674273774000,0,340.89494012,0.9413
1623674273886000,1,59.10505988,0.9413
1623674353171000,1,400.00000000,0.9487
1623674353946000,0,99.78674902,0.9519
1623674430169000,1,400.00000000,0.9565
1623674490089000,1,400.00000000,0.9525
1623674491371000,1,348.17352000,0.9525
1623674491437000,1,400.00000000,0.9512
1623674492975000,1,248.71177000,0.9512
1623674493714000,1,400.00000000,0.9498
1623674494198000,1,273.30671000,0.9498
1623674558086000,0,400.00000000,0.9499
1623674595120000,1,400.00000000,0.9490
1623674596213000,1,146.54243000,0.9490
1623674596405000,0,253.45757000,0.9485
1623674596405000,0,146.33645678,0.9485
1623674737987000,0,400.00000000,0.9500
1623674744906000,0,250.00000000,0.9508
1623674744976000,1,150.00000000,0.9510
1623674749496000,0,399.99997898,0.9510
1623674794497000,1,117.08677515,0.9530
1623674952568000,1,400.00000000,0.9529
1623674981189000,0,400.00000000,0.9507
1623675200026000,0,117.27181966,0.9516
1623675230586000,0,400.00000000,0.9477
1623675525611000,1,250.00000000,0.9586
1623675525611000,1,1288.96916008,0.9573
1623675525611000,1,987.54973195,0.9567
1623675551080000,1,400.00000000,0.9622
1623675552881000,1,227.87692000,0.9622
1623675554765000,0,172.12308000,0.9617
1623675866054000,0,250.00000000,0.9630
1623675866218000,1,150.00000000,0.9635
1623675866495000,0,249.99997925,0.9635
1623675866500000,0,325.71553605,0.9638
1623675866608000,1,74.28446395,0.9639
1623675866625000,0,325.71552568,0.9639
1623675866735000,1,61.28447432,0.9643
1623675866735000,1,55.34987860,0.9635
1623675867409000,0,61.28447000,0.9643
1623675867566000,1,338.71553000,0.9645
1623675874723000,0,61.28444927,0.9645
1623675874723000,0,250.00000000,0.9648
1623675874827000,1,88.71555073,0.9650
1623675874846000,0,20.93456812,0.9635
1623675899100000,1,250.00000000,0.9651
1623675899100000,1,77.09004341,0.9634
1623675927503000,1,117.27181966,0.9712
1623676010545000,0,117.38879498,0.9703
1623676088524000,1,117.38879498,0.9706
1623676180350000,0,149.31213444,0.9711
1623676237256000,1,400.00000000,0.9679
1623676292143000,0,117.51116428,0.9696
1623676457028000,0,86.22427983,0.9720
1623676499452000,0,400.00000000,0.9720
1623676501288000,0,513.77572017,0.9720
1623676519279000,1,400.00000000,0.9709
1623676520966000,1,400.00000000,0.9709
1623676543817000,1,400.00000000,0.9704
1623676585230000,1,117.51116428,0.9670
1623676704773000,0,131.25861900,0.9688
1623676706360000,1,212.63379904,0.9691
1623676711415000,0,250.00000000,0.9700
1623676711552000,1,150.00000000,0.9705
1623676929471000,0,250.00000000,0.9689
1623676997977000,0,117.25860040,0.9691
1623677025733000,0,400.00000000,0.9721
1623677047849000,1,117.25860040,0.9708
1623677078735000,0,250.00000000,0.9740
1623677079993000,1,407.00000000,0.9745
1623677079993000,1,6.99996922,0.9743
1623677116459000,0,116.71759325,0.9753
1623677135678000,0,400.00000000,0.9758
1623677137070000,0,400.00000000,0.9758
1623677138186000,0,400.00000000,0.9758
1623677140694000,0,48.67900551,0.9758
1623677145984000,1,400.00000000,0.9744
1623677146192000,0,249.99997462,0.9744
1623677146243000,1,527.89657000,0.9737
1623677149341000,0,406.00000000,0.9725
1623677149474000,0,102.83199309,0.9725
1623677153266000,1,400.00000000,0.9693
1623677154340000,1,206.56501000,0.9693
1623677156757000,1,400.00000000,0.9661
1623677160506000,0,354.13804856,0.9682
1623677162486000,0,400.00000000,0.9680
1623677164542000,0,354.91526000,0.9680
1623677167265000,1,404.00000000,0.9685
1623677167265000,1,398.00000000,0.9682
1623677167396000,0,52.18590000,0.9681
1623677171322000,0,400.00000000,0.9685
1623677171610000,0,355.79754468,0.9685
1623677242650000,1,400.00000000,0.9680
1623677282801000,1,116.71759325,0.9684
1623677463999000,1,400.00000000,0.9687
1623677465791000,1,122.14390000,0.9687
1623677466095000,0,137.93584823,0.9687
1623677466751000,0,139.92025177,0.9687
1623677559571000,1,400.00000000,0.9709
1623677602372000,1,400.00000000,0.9706
1623677618660000,1,190.00000000,0.9690
1623677668097000,1,400.00000000,0.9686
1623677669303000,1,400.00000000,0.9686
1623677682939000,0,95.55729596,0.9724
1623677751727000,0,400.00000000,0.9758
1623677751885000,0,400.28833343,0.9758
1623677752729000,0,400.00000000,0.9758
1623677756835000,0,40.91829921,0.9758
1623677765042000,1,399.99997965,0.9826
1623677765936000,0,250.00000000,0.9828
1623677789980000,0,59.28811901,0.9942
1623677791261000,1,190.71188099,0.9948
1623677791261000,1,59.28812000,0.9942
1623677801491000,0,100.00000000,0.9980
1623677823221000,0,400.00000000,0.9966
1623677824900000,0,21.50000000,1.0000
1623677824900000,0,30.00000000,1.0000
1623677830335000,1,400.00000000,0.9962
1623677830637000,1,33.22742000,0.9962
1623677833065000,0,249.79825152,0.9935
1623677833075000,0,100.60767033,0.9935
1623677833171000,0,61.59407815,0.9935
1623677833172000,1,100.40995682,0.9935
1623677833280000,0,142.43443175,0.9930
1623677833872000,0,257.56556825,0.9930
1623677844754000,0,250.00000000,0.9977
1623677911537000,0,112.96657172,1.0007
1623677921364000,1,400.00000000,0.9963
1623677967374000,1,400.00000000,0.9957
1623678081583000,0,400.00000000,0.9973
1623678126402000,0,120.00402495,0.9938
1623678147921000,0,250.00000000,0.9941
1623678148501000,1,150.00000000,0.9941
1623678250545000,0,386.00000000,0.9892
1623678250545000,0,428.00000000,0.9894
1623678250545000,0,250.00000000,0.9897
1623678250545000,0,163.52649605,0.9898
1623678254571000,1,400.00000000,0.9903
1623678255469000,0,324.63007680,0.9911
1623678255586000,1,75.36992320,0.9912
1623678255586000,1,401.00000000,0.9908
1623678320882000,1,400.00000000,0.9860
1623678321518000,1,99.78674902,0.9851
1623678326189000,0,400.00000000,0.9835
1623678350390000,0,250.00000000,0.9813
1623678358978000,1,400.00000000,0.9811
1623678364923000,1,112.96657172,0.9810
1623678532180000,0,400.00000000,0.9771
1623678568277000,0,250.00000000,0.9766
1623678592017000,0,250.00000000,0.9770
1623678681997000,1,400.00000000,0.9777
1623678682869000,0,399.99997956,0.9777
1623678687354000,1,394.00000000,0.9755
1623678687354000,1,12.00000000,0.9752
1623678702254000,0,250.00000000,0.9777
1623678776370000,1,400.00000000,0.9746
1623678911932000,1,375.74024000,0.9736
1623678912071000,0,24.25976000,0.9736
1623678915941000,1,375.74022305,0.9736
1623678915941000,1,24.25977695,0.9734
1623678917544000,1,302.52070305,0.9734
1623679034558000,1,400.00000000,0.9734
1623679112804000,0,400.00000000,0.9700
1623679112815000,1,399.99997939,0.9700
1623679121643000,0,384.33320281,0.9705
1623679144221000,1,249.99998298,0.9679
1623679149275000,1,250.00000000,0.9648
1623679149455000,1,125.17596000,0.9648
1623679149975000,1,125.17594050,0.9648
1623679153300000,0,250.00000000,0.9643
1623679154921000,1,149.99998964,0.9645
1623679155032000,1,0.00001036,0.9645
1623679158829000,0,119.69144168,0.9593
1623679158829000,0,280.30855832,0.9595
1623679158881000,1,250.00000000,0.9582
1623679158881000,1,523.61812488,0.9563
1623679161257000,0,101.69096228,0.9595
1623679162441000,1,298.30903772,0.9595
1623679164201000,1,398.00000000,0.9576
1623679164201000,1,386.00000000,0.9574
1623679164688000,0,95.67650000,0.9572
1623679171536000,0,365.94315000,0.9574
1623679184048000,1,400.00000000,0.9567
1623679201062000,0,250.00000000,0.9532
1623679204658000,1,384.00000000,0.9528
1623679204658000,1,63.86752716,0.9527
1623679205174000,0,250.00000000,0.9535
1623679205369000,1,150.00000000,0.9536
1623679221974000,1,333.43871000,0.9532
1623679249514000,0,400.00000000,0.9598
1623679250506000,0,10.99430072,0.9598
1623679267766000,1,253.22014000,0.9578
1623679267966000,0,146.77986000,0.9578
1623679273859000,1,253.22012278,0.9578
1623679275145000,0,146.77987722,0.9574
1623679275260000,0,172.08040851,0.9574
1623679278809000,1,238.86694000,0.9566
1623679325431000,0,400.00000000,0.9559
1623679371506000,1,283.75052000,0.9544
1623679371892000,0,319.18245948,0.9540
1623679372101000,0,88.81754052,0.9540
1623679372539000,1,319.18245948,0.9540
1623679442395000,0,400.00000000,0.9547
1623679446058000,0,400.00000000,0.9548
1623679501829000,0,400.00000000,0.9550
1623679675194000,1,400.00000000,0.9629
1623679709294000,1,400.00000000,0.9644
1623679771938000,1,400.00000000,0.9655
1623679925991000,0,400.00000000,0.9657
1623679941791000,1,400.00000000,0.9644
1623680036839000,0,250.00000000,0.9661
1623680052863000,0,250.00000000,0.9673
1623680052975000,1,150.00000000,0.9675
1623680053848000,0,399.99997933,0.9675
1623680053848000,0,0.00002067,0.9675
1623680055750000,0,149.99997933,0.9675
1623680177441000,1,187.62373000,0.9632
1623680179713000,1,200.98762000,0.9632
1623680179937000,0,199.01238000,0.9627
1623680180810000,1,200.98760287,0.9627
1623680201043000,1,397.99998958,0.9591
1623680229853000,1,387.99998958,0.9591
1623680360979000,0,400.00000000,0.9621
1623680361162000,0,309.43924000,0.9621
1623680376979000,1,400.00000000,0.9604
1623680414603000,1,400.00000000,0.9601
1623680447238000,0,400.00000000,0.9613
1623680448326000,0,400.00000000,0.9613
1623680450023000,0,139.82981000,0.9613
1623680451792000,0,874.62655000,0.9614
1623680469721000,1,367.14276000,0.9606
1623680471737000,0,32.85724000,0.9603
1623680498038000,1,400.00000000,0.9609
1623680499288000,1,27.54977000,0.9609
1623680535787000,1,927.91846497,0.9616
1623680649514000,0,400.00000000,0.9552
1623680650714000,0,250.00000000,0.9557
1623680814962000,0,400.00000000,0.9526
1623680891447000,1,391.49679000,0.9520
1623680891771000,0,8.50321000,0.9519
1623680906755000,0,250.00000000,0.9549
1623680906755000,0,150.00000000,0.9553
1623680926339000,1,326.55829000,0.9556
1623681000959000,0,250.00000000,0.9568
1623681010920000,0,250.00000000,0.9581
1623681030535000,0,109.92838507,0.9592
1623681111379000,0,400.00000000,0.9550
1623681112310000,1,325.73788430,0.9549
1623681121287000,1,76.31660894,0.9536
1623681199047000,1,391.49677268,0.9518
1623681282438000,1,21.50000000,0.9500
1623681283499000,1,400.00000000,0.9490
1623681284741000,1,25.95531000,0.9490
1623681285075000,0,105.41517768,0.9486
1623681285164000,0,268.62951232,0.9486
1623681296503000,1,384.28188000,0.9488
1623681430473000,0,250.00000000,0.9433
1623681449469000,0,250.00000000,0.9434
1623681456949000,0,250.00000000,0.9436
1623681500605000,0,250.00000000,0.9462
1623681886658000,0,250.00000000,0.9464
1623682844724000,1,259.90370000,0.9435
1623683136887000,1,284.75521000,0.9405
1623683169776000,1,400.00000000,0.9429
1623683314190000,1,192.85614913,0.9397
1623683359273000,0,399.99997879,0.9429
1623683408379000,0,400.00000000,0.9403
1623683789055000,1,225.48271000,0.9423
1623683818452000,1,257.54397000,0.9423
1623683818669000,0,142.45603000,0.9418
1623683819452000,1,142.45603000,0.9418
1623683819614000,0,257.54397000,0.9414
1623683819614000,0,142.45601250,0.9414
1623683820947000,1,173.29086000,0.9431
1623684125131000,0,400.00000000,0.9442
1623684126236000,0,400.00000000,0.9442
1623684586294000,1,222.24182000,0.9385
1623684659926000,1,406.00000000,0.9358
1623684660012000,0,400.00000000,0.9358
1623684660197000,0,1297.64700384,0.9358
1623684709598000,0,115.68900988,0.9377
1623684787857000,0,400.00000000,0.9402
1623684937174000,1,151.98970000,0.9414
1623684939018000,0,170.44506000,0.9414
1623685392021000,1,400.00000000,0.9399
1623686478352000,1,108.71474000,0.9540
1623686478576000,0,291.28526000,0.9536
1623686478576000,0,319.64553705,0.9597
1623686478576000,0,162.09003695,0.9610
1623686479387000,1,335.03803949,0.9519
1623686479946000,0,64.96196000,0.9517
1623686479947000,0,0.00000051,0.9517
1623686479947000,0,329.26128073,0.9518
1623686480995000,1,136.49302000,0.9544
1623686482415000,1,386.99997902,0.9531
1623686505004000,1,399.98238249,0.9456
1623686570723000,1,335.03028934,0.9388
1623686679175000,1,400.00000000,0.9385
1623686719171000,0,400.00000000,0.9400
1623686720137000,1,399.00000000,0.9390
1623686720158000,0,400.00000000,0.9400
1623686737153000,1,109.73314000,0.9385
1623686738895000,0,119.59813000,0.9381
1623686772219000,0,400.00000000,0.9391
1623686978758000,1,102.25552000,0.9374
1623686983140000,1,70.03264000,0.9369
1623687016731000,1,80.92474000,0.9354
1623687017874000,1,108.88770053,0.9350
1623687018262000,1,250.00000000,0.9336
1623687018262000,1,138.84850292,0.9324
1623687115051000,1,86.95939000,0.9355
1623687122136000,1,75.35299000,0.9346
1623687165250000,1,54.90951000,0.9330
1623687233863000,0,321.52962360,0.9345
1623687271984000,0,407.00000000,0.9346
1623687272486000,0,385.00000000,0.9349
1623687274083000,0,351.52623679,0.9360
1623687665042000,0,250.00000000,0.9428
1623687665219000,1,249.98823767,0.9429
1623688020964000,1,100.12223756,0.9372
1623688136067000,0,118.05311431,0.9387
1623688464789000,1,118.05311431,0.9372
1623688636561000,1,81.99993000,0.9349
1623688711975000,1,43.31348000,0.9303
1623688765017000,1,66.59509000,0.9280
1623688804704000,1,49.80553000,0.9240
1623688821644000,0,400.00000000,0.9249
1623688862095000,1,54.26287000,0.9216
1623688868336000,1,37.92028000,0.9219
1623688881103000,0,120.00260309,0.9220
1623688903205000,1,32.93304000,0.9200
1623688905795000,0,40.63742000,0.9196
1623688962036000,0,400.00000000,0.9193
1623688965027000,0,400.00000000,0.9203
1623688999530000,1,383.99998910,0.9172
1623689040791000,1,31.63529000,0.9157
1623689058961000,1,33.26142000,0.9151
1623689059552000,0,366.73858000,0.9148
1623689111794000,1,249.99997814,0.9147
1623689171031000,0,400.00000000,0.9183
1623689189935000,1,30.80882000,0.9172
1623689191556000,0,31.32919000,0.9172
1623689200153000,1,22.75263000,0.9164
1623689200272000,0,377.24737000,0.9159
1623689200489000,1,6.75260300,0.9159
1623689282866000,0,22.00000000,0.9179
1623689421433000,1,23.25907000,0.9183
1623689465156000,1,22.10424000,0.9186
1623689481205000,1,21.99242000,0.9192
1623689714209000,0,400.00000000,0.9217
1623689841635000,1,238.95582529,0.9252
1623689842176000,1,161.04417000,0.9252
1623690060722000,0,400.00000000,0.9253
1623690060787000,0,244.91935000,0.9253
1623690063725000,1,155.08065000,0.9258
1623690094229000,1,409.99997831,0.9220
1623690182257000,1,89.19529000,0.9252
1623690289898000,1,67.81440000,0.9245
1623690289987000,0,332.18560000,0.9241
1623690292023000,1,65.21410000,0.9245
1623690292300000,0,334.78590000,0.9242
1623690295382000,1,261.65007900,0.9237
1623690295572000,1,142.34222353,0.9237
1623690615456000,1,59.71697000,0.9238
1623690615587000,0,340.28303000,0.9237
1623690685731000,1,120.00260309,0.9238
1623690828659000,0,250.00000000,0.9245
1623690859029000,1,262.64892409,0.9243
1623690860627000,1,143.35107591,0.9243
1623690860627000,1,119.42582196,0.9243
1623690863925000,1,50.67211000,0.9229
1623690864180000,0,349.32789000,0.9226
1623690864984000,1,44.99500000,0.9240
1623690866339000,0,355.00500000,0.9238
1623690979382000,0,400.00000000,0.9231
1623691110382000,1,400.00000000,0.9229
1623691172586000,0,400.00000000,0.9229
1623691173738000,0,262.90490479,0.9232
1623691253341000,0,119.53673449,0.9273
1623691452994000,1,119.53673449,0.9274
1623691553200000,1,400.00000000,0.9266
1623691557521000,1,48.02586000,0.9262
1623691603580000,1,400.00000000,0.9289
1623692148245000,1,36.09865000,0.9253
1623692148245000,1,363.90135000,0.9251
1623692150192000,1,44.36500000,0.9255
1623692154087000,1,400.00000000,0.9237
1623692216970000,0,400.00000000,0.9258
1623692224010000,1,399.99998216,0.9233
1623692280290000,0,120.10746514,0.9231
1623692496791000,1,39.17086000,0.9214
1623692607667000,0,400.00000000,0.9205
1623692608489000,0,400.00000000,0.9205
1623692658239000,1,35.37075000,0.9197
1623692659966000,1,29.64084000,0.9197
1623692663190000,1,25.97751000,0.9196
1623692691285000,1,38.62438000,0.9188
1623692712260000,0,400.00000000,0.9195
1623692798364000,1,26.60648000,0.9183
1623692825349000,1,22.73660000,0.9180
1623693509137000,0,400.00000000,0.9207
1623693755197000,0,400.00000000,0.9197
1623693756184000,1,24.17132000,0.9190
1623693926743000,1,400.00000000,0.9156
1623694242541000,0,400.00000000,0.9175
1623694355159000,1,400.00000000,0.9166
1623694559667000,1,120.10746514,0.9162
1623694767451000,1,25.14801000,0.9167
1623694871249000,0,400.00000000,0.9183
1623695047023000,0,119.75969700,0.9188
1623695049963000,1,23.23326000,0.9174
1623695111030000,1,22.10623000,0.9175
1623695222839000,1,386.00000000,0.9156
1623695222961000,0,400.00000000,0.9156
1623695225795000,0,400.00000000,0.9156
1623695228906000,0,323.89630229,0.9156
1623695362797000,1,119.75969700,0.9148
1623695771484000,0,250.00000000,0.9139
1623695776923000,1,355.17374256,0.9152
1623695789111000,0,250.00000000,0.9143
1623695791248000,1,76.49499360,0.9145
1623695828269000,1,415.00000000,0.9125
1623695828901000,1,400.00000000,0.9129
1623695887491000,1,22.89625000,0.9120
1623695889805000,1,390.87818214,0.9115
1623695955479000,0,120.15618659,0.9117
1623695998474000,1,250.00000000,0.9096
1623695998670000,0,150.00000000,0.9095
1623695999561000,1,99.99999094,0.9095
1623696021937000,0,392.00000000,0.9119
1623696021937000,0,412.00000000,0.9121
1623696021937000,0,1358.55916422,0.9123
1623696021937000,0,325.88367707,0.9140
1623696021937000,0,1810.88310213,0.9141
1623696021937000,0,676.17292250,0.9154
1623696021937000,0,659.40977000,0.9158
1623696021937000,0,659.92619750,0.9167
1623696021937000,0,1889.33870773,0.9176
1623696129171000,1,71.86246000,0.9111
1623696130668000,0,80.88734000,0.9107
1623696137643000,1,56.21946000,0.9103
1623696263813000,1,42.67724000,0.9102
1623696263813000,1,77.47894659,0.9099
1623696268317000,1,46.62024000,0.9110
1623696270830000,0,46.05986000,0.9105
1623696299910000,1,39.63441000,0.9111
1623696301573000,1,31.72817000,0.9111
1623696307047000,0,400.00000000,0.9115
1623696332743000,0,383.89509471,0.9119
1623696332743000,0,16.10490529,0.9119
1623696340340000,1,34.91890000,0.9107
1623696346771000,1,23.09309000,0.9114
1623696354732000,1,25.05275000,0.9106
1623696359628000,1,23.79458000,0.9100
1623696463964000,1,28.13645000,0.9105
1623696506203000,1,27.20753000,0.9100
1623696511370000,0,120.16705132,0.9099
1623696516414000,1,32.43382000,0.9083
1623696516566000,0,367.56614925,0.9083
1623696516804000,0,0.00003075,0.9083
1623696516979000,1,25.20841925,0.9101
1623696518697000,1,250.00000000,0.9072
1623696518896000,0,110.28763014,0.9067
1623696519634000,0,36.21876133,0.9067
1623696520231000,0,3.49360853,0.9067
1623696580134000,1,412.00000000,0.9039
1623696580269000,0,78.70452520,0.9039
1623696580447000,1,321.29547480,0.9043
1623696580447000,1,0.23414880,0.9039
1623696793017000,1,401.00000000,0.9046
1623696793180000,0,526.91846497,0.9046
1623697142430000,1,250.00000000,0.9048
1623697142591000,0,150.00000000,0.9048
1623697220085000,0,160.99998898,0.9072
1623697238959000,0,396.99998898,0.9074
1623697541893000,1,250.00000000,0.9052
1623697542075000,0,150.00000000,0.9052
1623697654035000,1,120.16705132,0.9048
1623697656165000,1,400.00000000,0.9035
1623697657223000,1,29.83293046,0.9035
1623697769350000,1,120.00402495,0.9029
1623697780934000,0,120.28054028,0.9040
1623698121117000,0,43.63230976,0.9060
1623698171330000,0,400.00000000,0.9065
1623698345879000,0,50.00000000,0.9068
1623699018103000,1,120.28054028,0.9070
1623699689481000,1,400.00000000,0.9133
1623699962768000,0,386.00000000,0.9158
1623699962917000,1,176.95997029,0.9158
1623700040634000,0,389.00000000,0.9158
1623700040634000,0,408.00000000,0.9159
1623700040634000,0,384.00000000,0.9162
1623700040634000,0,250.00000000,0.9163
1623700040634000,0,1353.08027058,0.9168
1623700040634000,0,920.97794622,0.9181
1623700040634000,0,1804.17814703,0.9182
1623700040634000,0,631.88528000,0.9193
1623700040634000,0,329.36571775,0.9204
1623700040634000,0,236.83408116,0.9218
1623700166326000,0,119.05411451,0.9164
1623700451684000,1,119.05411451,0.9150
1623700458572000,1,400.00000000,0.9162
1623700531808000,1,680.50000000,0.9145
1623700532787000,1,408.00000000,0.9143
1623700554248000,0,55.57858497,0.9123
1623700801364000,0,400.00000000,0.9133
1623700982947000,0,400.00000000,0.9136
1623700984154000,0,400.00000000,0.9140
1623700996176000,1,74.27280000,0.9127
1623701112995000,0,119.14423529,0.9143
1623701241952000,1,119.14423529,0.9150
1623701350382000,0,400.00000000,0.9164
1623701390985000,1,400.00000000,0.9197
1623701392192000,0,400.00000000,0.9195
1623701712297000,1,400.00000000,0.9176
1623701713379000,1,400.00000000,0.9176
1623701714472000,1,400.00000000,0.9173
1623701715527000,1,400.00000000,0.9173
1623701899445000,0,100.00000000,0.9167
1623702100376000,1,414.00000000,0.9142
1623702100376000,1,379.00000000,0.9138
1623702112940000,1,395.00000000,0.9104
1623702231724000,0,119.79429927,0.9101
1623702251770000,0,340.35331280,0.9105
1623702518788000,1,400.00000000,0.9114
1623702520203000,0,399.99997806,0.9114
1623702530173000,1,46.85946000,0.9124
1623702531549000,1,43.68296000,0.9123
1623702548674000,1,40.64652000,0.9117
1623702586661000,1,46.03410000,0.9113
1623702625509000,1,45.32194000,0.9111
1623702625509000,1,74.47235927,0.9100
1623702689802000,1,32.83835000,0.9108
1623702760986000,1,49.06993000,0.9100
1623702892426000,1,38.71855000,0.9082
1623702994849000,1,40.54510000,0.9092
1623703376654000,1,26.30487000,0.9099
1623703650472000,0,119.32296852,0.9140
1623703847958000,1,400.00000000,0.9106
1623703849004000,1,29.85522000,0.9099
1623704068841000,0,400.24547330,0.9113
1623704072462000,0,400.00000000,0.9134
1623704174374000,1,405.00000000,0.9125
1623704225521000,1,22.46384000,0.9125
1623704231090000,1,25.42793000,0.9123
1623704559141000,1,119.32296852,0.9148
1623704643679000,1,334.62170962,0.9183
1623704643865000,0,65.37829038,0.9181
1623704668834000,1,22.96667000,0.9199
1623705419707000,0,276.96850000,0.9271
1623705419707000,0,123.03150000,0.9271
1623705435972000,1,23.34410000,0.9262
1623705453062000,1,21.63684000,0.9250
1623705455223000,1,329.58146425,0.9232
1623705455433000,0,70.41853575,0.9232
1623705482931000,1,329.58144639,0.9232
1623706011883000,0,131.53574340,0.9197
1623706602928000,1,33.75354000,0.9155
1623706603084000,0,366.24646000,0.9150
1623706603948000,1,379.50067681,0.9160
1623706603948000,1,20.49932319,0.9156
1623706605209000,1,376.50067681,0.9156
1623706606313000,1,33.53685528,0.9150
1623706608015000,1,364.36193475,0.9146
1623706631203000,0,316.71040300,0.9142
1623706632958000,1,393.99538612,0.9146
1623706632994000,1,0.00461388,0.9146
1623706632994000,1,83.28959700,0.9143
1623706632994000,1,257.69864728,0.9143
1623707114140000,1,397.00000000,0.9113
1623707114140000,1,7.99132993,0.9112
1623707137986000,1,22.40487000,0.9138
1623707156443000,1,330.46573700,0.9172
1623707458583000,0,400.00000000,0.9169
1623708087180000,0,400.00000000,0.9140
1623708354094000,0,118.82783244,0.9186
1623708964034000,1,118.82783244,0.9159
1623708987262000,1,397.00000000,0.9159
1623708987262000,1,411.00000000,0.9159
1623708987262000,1,392.00000000,0.9156
1623708987262000,1,1349.40078608,0.9154
1623708987262000,1,390.00000000,0.9154
1623708987262000,1,250.00000000,0.9146
1623708987262000,1,337.97673146,0.9146
1623708987262000,1,2024.23600000,0.9140
1623708987262000,1,1155.70792520,0.9140
1623709230991000,0,27.30390336,0.9156
1623709884259000,0,394.00000000,0.9176
1623709884259000,0,384.00000000,0.9177
1623709884259000,0,1079.95160940,0.9181
1623709884259000,0,250.00000000,0.9181
1623709884259000,0,261.21916711,0.9190
1623709884259000,0,349.81054779,0.9195
1623709884259000,0,1439.85422576,0.9195
1623709884259000,0,703.17976721,0.9203
1623709884259000,0,706.01048764,0.9217
1623709884259000,0,758.70762000,0.9226
1623709884259000,0,343.03696734,0.9232
1623709886808000,1,332.48463361,0.9197
1623709924186000,0,249.81692148,0.9197
1623709959982000,1,400.00000000,0.9228
1623710477013000,1,70.40657000,0.9175
1623710477382000,0,386.00000000,0.9172
1623710477966000,1,400.00000000,0.9168
1623710478585000,0,402.00000000,0.9171
1623710480350000,1,71.46709000,0.9168
1623710717322000,0,400.00000000,0.9163
1623711064857000,1,400.00000000,0.9155
1623711267140000,1,400.00000000,0.9155
1623711611584000,1,352.87041368,0.9175
1623712469662000,1,400.00000000,0.9195
1623712471893000,1,54.13649000,0.9187
1623712517044000,0,183.53136500,0.9187
1623712517236000,1,216.46863500,0.9188
1623712519387000,0,183.53134324,0.9188
1623712568019000,0,249.99998912,0.9198
1623712643635000,0,118.20739244,0.9207
1623712742581000,1,383.99997828,0.9207
1623712809645000,0,27.30390336,0.9254
1623712809766000,1,372.69609664,0.9255
1623713064126000,1,118.20739244,0.9221
1623713304909000,0,26.93327012,0.9282
1623713470496000,0,249.99998914,0.9203
1623713949331000,0,118.30395902,0.9214
1623713962968000,1,400.00000000,0.9224
1623714588734000,1,118.30395902,0.9215
1623714967746000,1,54.25383000,0.9208
1623714967746000,1,345.74614828,0.9207
1623715384358000,1,59.18964000,0.9265
1623715384588000,0,340.81036000,0.9262
1623715415925000,1,54.99760000,0.9252
1623715417719000,0,51.55537000,0.9248
1623715424445000,1,341.33000590,0.9227
1623715442175000,1,355.81989236,0.9178
1623715481224000,0,118.65864144,0.9188
1623715522789000,0,400.00000000,0.9177
1623715523794000,0,399.67040330,0.9179
1623715523979000,1,398.00000000,0.9180
1623715523979000,1,0.32959670,0.9180
1623715523979000,1,393.00000000,0.9178
1623715544005000,1,32.87622000,0.9166
1623715552205000,1,41.04204000,0.9151
1623715557069000,1,30.96590000,0.9136
1623715682205000,1,34.74768000,0.9137
1623715683803000,0,33.25102000,0.9137
1623715685757000,1,332.31779156,0.9131
1623715743197000,1,21.95965000,0.9142
1623715789690000,1,25.91367000,0.9160
1623715835861000,0,400.00000000,0.9167
1623715866674000,1,25.89654000,0.9160
1623715867704000,0,22.09068000,0.9155
1623715983796000,1,22.02463000,0.9192
1623715984789000,1,250.00000000,0.9165
1623715984947000,0,399.99998202,0.9163
1623715984959000,0,11.00001798,0.9163
1623715984959000,0,150.00000000,0.9164
1623715984959000,0,396.00000000,0.9166
1623715985867000,1,395.99998202,0.9166
1623715985867000,1,4.00001798,0.9164
1623715987691000,0,109.14409203,0.9162
1623715989235000,0,109.14409203,0.9162
1623715995526000,0,412.00000000,0.9169
1623715995526000,0,134.36687000,0.9173
1623716052252000,1,396.14740950,0.9176
1623716227157000,0,169.35111015,0.9233
1623716295750000,1,22.15944000,0.9223
1623716621005000,1,400.00000000,0.9228
1623716656848000,1,118.65864144,0.9248
1623716709053000,1,400.00000000,0.9239
1623716932772000,1,355.33237095,0.9248
1623716932791000,1,44.66762905,0.9248
1623718115003000,0,400.00000000,0.9222
1623718115782000,1,250.00000000,0.9198
1623718115931000,0,150.00000000,0.9196
1623718119228000,1,393.99998210,0.9199
1623718119486000,0,6.00001790,0.9197
1623718124431000,1,249.99997315,0.9196
1623718126433000,0,414.00000000,0.9195
1623718126433000,0,130.80170000,0.9196
1623718235794000,0,367.60821600,0.9180
1623718235974000,1,32.39178400,0.9181
1623718235974000,1,387.00000000,0.9180
1623718793347000,0,119.82135447,0.9158
1623719414550000,1,119.82135447,0.9128
1623719928594000,0,119.94078622,0.9120
1623719998498000,1,119.94078622,0.9088
1623720013238000,0,400.00000000,0.9112
1623720093461000,0,205.23142900,0.9107
1623720093461000,0,194.76857100,0.9107
1623720194624000,0,400.00000000,0.9107
1623720695758000,1,400.00000000,0.9117
1623720729145000,1,400.00000000,0.9117
1623720891677000,1,23.86143000,0.9078
1623720922874000,0,400.00000000,0.9079
1623720923698000,0,207.80319548,0.9082
1623720923883000,0,400.00000000,0.9096
1623720924445000,0,242.84344000,0.9096
1623720932462000,1,57.96812000,0.9087
1623720954559000,1,60.78207000,0.9103
1623720955133000,0,48.64530000,0.9098
1623720976988000,0,51.69123000,0.9099
1623720979599000,0,400.00000000,0.9113
1623721006093000,1,44.18483000,0.9086
1623721008071000,0,42.91876000,0.9082
1623721015714000,1,34.54137000,0.9082
1623721016715000,1,49.27207000,0.9062
1623721018357000,0,350.72793000,0.9061
1623721018654000,1,33.79786000,0.9074
1623721019728000,0,366.20214000,0.9070
1623721030414000,1,366.42644000,0.9092
1623721276085000,0,120.10886932,0.9075
1623721280951000,0,400.00000000,0.9083
1623721493861000,0,400.00000000,0.9085
1623721494856000,0,366.42642822,0.9092
1623721494992000,1,33.57357178,0.9096
1623721541084000,0,293.36368634,0.9096
1623721625564000,1,25.98779000,0.9082
1623721692585000,0,400.00000000,0.9068
1623721919546000,1,33.10913000,0.9050
1623722008836000,0,400.00000000,0.9060
1623722024811000,1,401.00000000,0.9050
1623722025344000,1,400.00000000,0.9052
1623722038664000,1,29.77468000,0.9045
1623722039648000,1,22.85250000,0.9045
1623722228948000,1,120.10886932,0.9052
1623722249986000,0,400.00000000,0.9045
1623722250923000,1,250.00000000,0.9033
1623722251039000,0,150.00000000,0.9029
1623722254094000,0,119.93910376,0.9065
1623722278889000,1,119.93910376,0.9029
1623722496956000,0,400.00000000,0.9054
1623722498698000,0,399.83644060,0.9052
1623723049452000,0,119.31204689,0.9076
1623723450505000,1,400.00000000,0.9028
1623723452068000,1,400.00000000,0.9028
1623723453190000,1,400.00000000,0.9028
1623723454378000,0,400.00000000,0.9023
1623723498857000,0,400.00000000,0.9054
1623723546539000,1,250.00000000,0.9077
1623724008876000,1,400.00000000,0.9091
1623724233833000,1,119.31204689,0.9095
1623724242229000,1,23.43875000,0.9075
1623724242377000,0,376.56125000,0.9075
1623724244897000,1,23.39914000,0.9072
1623724258383000,0,400.00000000,0.9049
1623724274913000,0,250.00000000,0.9069
1623724315087000,1,351.81907681,0.9078
1623724315176000,1,48.18092319,0.9078
1623724316358000,0,400.00000000,0.9086
1623724462184000,1,400.00000000,0.9089
1623724463606000,0,250.00000000,0.9104
1623724463701000,1,150.00000000,0.9105
1623724464703000,0,235.32931370,0.9105
1623724464703000,0,150.00000000,0.9105
1623724464969000,1,14.67068630,0.9106
1623724572399000,1,22.27666000,0.9087
1623724613633000,0,400.00000000,0.9101
1623724614675000,0,250.00000000,0.9110
1623724614771000,1,150.00000000,0.9112
1623724614771000,1,393.00000000,0.9111
1623724873394000,1,400.00000000,0.9051
1623725009037000,0,120.21537063,0.9026
1623725596984000,1,400.00000000,0.9028
1623725598051000,1,399.99998173,0.9028
1623725598190000,0,0.00001827,0.9023
1623725598190000,0,385.00000000,0.9023
1623726148172000,0,62.58440660,0.9108
1623726333191000,1,120.21537063,0.9081
1623726800336000,1,400.00000000,0.9071
1623726889778000,0,400.00000000,0.9071
1623726905720000,0,400.00000000,0.9087
1623727314076000,0,120.21936151,0.9081
1623727440670000,0,250.00000000,0.9096
1623727440768000,1,150.00000000,0.9097
1623727440768000,1,415.00000000,0.9095
1623727441664000,0,399.99996703,0.9097
1623727443864000,1,0.00003297,0.9100
1623727443864000,1,120.21932854,0.9093
1623727501198000,0,120.23492664,0.9092
1623727749230000,1,400.00000000,0.9073
1623728242207000,1,400.00000000,0.9083
1623728243151000,1,390.99997799,0.9083
1623728243224000,1,400.00000000,0.9083
1623728243549000,1,211.08310303,0.9083
1623728472303000,1,354.13804856,0.9065
1623728488926000,1,398.00000000,0.9066
1623728488926000,1,404.00000000,0.9065
1623728488926000,1,1364.35956785,0.9062
1623728488926000,1,415.00000000,0.9062
1623728488926000,1,377.00000000,0.9060
1623728488926000,1,2024.23600000,0.9048
1623728488926000,1,1687.17482440,0.9048
1623728763514000,1,400.00000000,0.9058
1623728822839000,0,395.00000000,0.9089
1623728822839000,0,1227.82157869,0.9091
1623728822839000,0,393.00000000,0.9092
1623728822839000,0,370.35693114,0.9094
1623728868391000,0,250.00000000,0.9096
1623729328387000,0,400.00000000,0.9081
1623729690846000,1,120.23492664,0.9083
1623729897794000,0,408.00000000,0.9113
1623729897794000,0,393.00000000,0.9113
1623729897794000,0,1214.62632444,0.9117
1623730083693000,1,400.00000000,0.9111
1623730084195000,1,399.99997805,0.9111
1623730084784000,1,80.50185497,0.9111
1623730778309000,1,22.50000000,0.9062
1623730805772000,0,400.00000000,0.9057
1623730961633000,0,400.00000000,0.9101
1623732022317000,0,400.00000000,0.9165
1623732353325000,1,400.00000000,0.9201
1623732354330000,1,400.00000000,0.9201
1623732355628000,1,400.00000000,0.9201
1623732358222000,1,389.99998914,0.9205
1623732371426000,1,400.00000000,0.9201
1623732372183000,1,1001.17384924,0.9201
1623732890695000,1,396.00000000,0.9209
1623732890783000,0,284.50000000,0.9209
1623733111381000,1,400.00000000,0.9239
1623733112265000,0,399.99997836,0.9239
1623733112265000,0,0.00002164,0.9239
1623733474518000,0,400.00000000,0.9271
1623733923352000,0,400.00000000,0.9273
1623733924473000,0,400.00000000,0.9280
1623733925104000,1,410.99997841,0.9262
1623733950787000,1,55.94312000,0.9282
1623733967128000,1,48.64715000,0.9274
1623734105420000,0,390.00000000,0.9319
1623734105420000,0,105.08447486,0.9322
1623734140401000,0,214.73742980,0.9314
1623734272410000,0,250.00000000,0.9307
1623734272876000,1,150.00000000,0.9307
1623734335991000,0,400.00000000,0.9295
1623734336346000,1,1330.10876187,0.9291
1623734336346000,1,135.00000000,0.9280
1623734336346000,1,1136.06508737,0.9280
1623734336755000,0,385.00000000,0.9297
1623734369856000,1,400.00000000,0.9278
1623734370859000,1,26.99555000,0.9259
1623734373074000,0,38.48187000,0.9255
1623734382233000,0,400.00000000,0.9212
1623734392097000,0,229.34787000,0.9212
1623734400178000,0,400.00000000,0.9234
1623734466191000,1,135.07333000,0.9153
1623734468084000,0,103.38201000,0.9148
1623734610278000,1,81.57495000,0.9130
1623734644673000,1,388.00000000,0.9143
1623734645228000,1,400.00000000,0.9144
1623734646371000,1,109.20268000,0.9138
1623734647583000,0,83.05407000,0.9133
1623734650199000,1,70.60147000,0.9130
1623734650310000,0,328.01396719,0.9127
1623734678437000,1,59.43678000,0.9116
1623734719867000,1,387.00000000,0.9104
1623734719867000,1,108.08447486,0.9101
1623734740249000,1,51.73050000,0.9102
1623734742038000,0,62.03791000,0.9100
1623734791844000,1,65.50987000,0.9106
1623734793033000,0,42.14154000,0.9105
1623734841778000,1,57.36018000,0.9075
1623734841778000,1,72.24788000,0.9074
1623734841778000,1,250.00000000,0.9073
1623734841778000,1,20.39194000,0.9071
1623734952166000,1,31.69334000,0.9088
1623734952390000,0,399.00000000,0.9084
1623734952390000,0,368.30666000,0.9085
1623735109390000,0,109.64671827,0.9120
1623735309994000,0,250.00000000,0.9145
1623735309994000,0,404.00000000,0.9149
1623735309994000,0,135.00000000,0.9160
1623735309994000,0,285.20972840,0.9161
1623735309994000,0,657.81044809,0.9177
1623736048788000,0,400.00000000,0.9137
1623736863270000,1,400.00000000,0.9167
1623736871576000,1,399.93875103,0.9167
1623736877377000,1,392.99997820,0.9170
1623736901720000,1,408.99997820,0.9172
1623736901747000,0,400.00000000,0.9181
1623736902257000,0,103.30502115,0.9195
1623736911835000,0,400.00000000,0.9185
1623736914504000,0,400.00000000,0.9185
1623736927456000,1,0.00002180,0.9172
1623736927456000,1,319.32122820,0.9172
1623736985379000,1,400.00000000,0.9182
1623737391588000,1,400.00000000,0.9226
1623737403027000,1,400.00000000,0.9226
1623737413226000,1,400.00000000,0.9226
1623737414339000,1,400.00000000,0.9227
1623737416840000,1,846.80076297,0.9227
1623737418537000,1,400.00000000,0.9227
1623737420234000,1,176.08158487,0.9227
1623737428514000,1,400.00000000,0.9226
1623737517087000,1,150.00000000,0.9228
1623737517087000,1,250.00000000,0.9226
1623737518915000,1,283.65848000,0.9226
1623737710779000,0,400.00000000,0.9242
1623737711782000,0,400.00000000,0.9242
1623738335133000,0,400.00000000,0.9291
1623738470657000,0,400.00000000,0.9294
1623739562699000,1,384.33320281,0.9247
1623739563224000,1,22.66679719,0.9247
1623739563224000,1,80.63822396,0.9246
1623739677916000,0,108.02052389,0.9257
1623739766663000,1,33.40628000,0.9242
1623739768949000,0,40.46280000,0.9237
1623739897700000,1,0.00000371,0.9226
1623739980221000,1,34.13790000,0.9215
1623740018131000,1,223.23790390,0.9201
1623740027684000,1,34.52120000,0.9212
1623740074813000,1,26.45052000,0.9208
1623740102450000,1,26.79169000,0.9205
1623740190625000,1,400.00000000,0.9214
1623740566223000,1,24.36931000,0.9234
1623740566402000,0,375.63069000,0.9232
1623740566913000,0,410.00000000,0.9235
1623740669413000,0,400.00000000,0.9204
1623740830590000,0,400.00000000,0.9221
1623740831747000,0,400.00000000,0.9225
1623740833378000,1,400.00000000,0.9230
1623740835778000,0,399.99997834,0.9230
1623740835983000,1,0.00002166,0.9232
1623740837191000,0,400.00000000,0.9237
1623741126955000,0,379.43765360,0.9236
1623741325664000,1,22.24850000,0.9216
1623741325797000,0,377.75150000,0.9213
1623741325797000,0,410.00000000,0.9214
1623741326735000,1,400.00000000,0.9211
1623741542265000,0,400.00000000,0.9226
1623741624579000,1,399.99997835,0.9237
1623741625500000,0,400.00000000,0.9241
1623741625622000,0,250.00000000,0.9241
1623741627083000,0,752.08308102,0.9241
1623741641981000,1,23.31812000,0.9263
1623741654735000,1,107.83763965,0.9273
1623741654906000,0,250.00000000,0.9269
1623741713932000,1,400.00000000,0.9244
1623741715202000,1,400.00000000,0.9241
1623741720674000,1,889.12936000,0.9232
1623741726200000,0,390.00000000,0.9236
1623741739637000,1,68.10515000,0.9249
1623741741208000,0,331.89485000,0.9249
1623741781943000,1,79.96451000,0.9263
1623741794453000,1,79.84790000,0.9257
1623741795848000,0,85.12000000,0.9257
1623741908703000,0,393.00000000,0.9259
1623741908703000,0,1202.92669116,0.9261
1623741908703000,0,407.00000000,0.9261
1623741908703000,0,248.74811080,0.9264
1623741910366000,1,65.00000000,0.9256
1623741999149000,1,49.16767000,0.9226
1623742111422000,0,400.00000000,0.9201
1623742400961000,0,384.00000000,0.9227
1623742400961000,0,398.00000000,0.9227
1623742400961000,0,922.01102746,0.9232
1623742418611000,0,400.00000000,0.9227
1623742419669000,0,399.99997834,0.9231
1623742421654000,1,0.00002166,0.9235
1623742456410000,0,400.00000000,0.9241
1623742458021000,0,399.99997837,0.9245
1623742458181000,1,0.00002163,0.9246
1623742468187000,0,400.00000000,0.9248
1623742489445000,1,43.78883000,0.9228
1623742490954000,0,40.09617000,0.9225
1623742602553000,1,44.44265000,0.9214
1623742602869000,0,355.55735000,0.9210
1623742602869000,0,391.00000000,0.9211
1623743397962000,1,400.00000000,0.9248
1623743409918000,1,46.87830000,0.9222
1623743410613000,0,42.80643000,0.9220
1623743482980000,1,400.00000000,0.9241
1623743567763000,1,400.00000000,0.9214
1623743845354000,1,400.00000000,0.9189
1623743922098000,0,400.00000000,0.9221
1623744100589000,1,30.94157000,0.9202
1623744100801000,0,369.05843000,0.9198
1623744100801000,0,402.00000000,0.9198
1623744367668000,1,44.57848000,0.9172
1623744409930000,1,395.00000000,0.9163
1623744410560000,1,400.00000000,0.9165
1623744413164000,1,356.91132332,0.9163
1623744413713000,1,400.00000000,0.9164
1623744465493000,0,400.00000000,0.9164
1623744485186000,1,60.00000000,0.9188
1623744486885000,1,29.80854000,0.9196
1623744564143000,1,400.00000000,0.9194
1623744568136000,1,29.60848000,0.9193
1623744568379000,0,370.39152000,0.9193
1623744568379000,0,407.00000000,0.9194
1623744570957000,0,408.00000000,0.9226
1623744570957000,0,116.35733171,0.9228
1623744573907000,1,400.00000000,0.9193
1623744727209000,0,250.00000000,0.9211
1623744794625000,0,400.00000000,0.9210
1623744815831000,0,98.09981060,0.9195
1623744816023000,1,301.90018940,0.9198
1623744839559000,0,400.00000000,0.9198
1623744934703000,0,400.00000000,0.9203
1623744936196000,0,400.00000000,0.9203
1623744965409000,0,400.00000000,0.9206
1623745972054000,0,410.00000000,0.9209
1623745972054000,0,90.00000000,0.9211
1623746057107000,1,26.42440000,0.9177
1623746058627000,0,24.62478000,0.9174
1623746183877000,1,25.18532000,0.9151
1623746183877000,1,26.74679626,0.9150
1623746183993000,0,348.06788374,0.9146
1623746381655000,1,24.16879000,0.9126
1623746382171000,1,400.00000000,0.9128
1623746385052000,1,25.58546000,0.9127
1623746456356000,1,400.00000000,0.9113
1623746516444000,1,22.00952000,0.9094
1623746520350000,0,385.00000000,0.9090
1623746552587000,1,400.00000000,0.9108
1623746552703000,1,388.98559572,0.9108
1623746552775000,1,45.12906766,0.9108
1623746557181000,1,400.00000000,0.9086
1623746559193000,1,400.00000000,0.9086
1623746576932000,0,393.00000000,0.9109
1623746577019000,1,400.00000000,0.9109
1623746577099000,1,41.11099522,0.9109
1623746682250000,1,22.43123000,0.9090
1623746766742000,0,400.00000000,0.9101
1623747178467000,0,400.00000000,0.9040
1623747180210000,0,400.00000000,0.9036
1623747181317000,0,400.00000000,0.9036
1623747182529000,0,22.20999673,0.9036
1623747182653000,1,377.79000327,0.9036
1623747671787000,1,400.00000000,0.9024
1623747991840000,0,100.00000000,0.9034
1623748054367000,1,23.00000000,0.9000
1623748054367000,1,54.31476493,0.9000
1623748054436000,1,32.00000000,0.8992
1623748055163000,1,34.62749000,0.8990
1623748057219000,0,365.37251000,0.8986
1623748153435000,1,402.00000000,0.8950
1623748153435000,1,409.00000000,0.8948
1623748153435000,1,250.00000000,0.8946
1623748153435000,1,1325.17850983,0.8940
1623748160980000,1,400.00000000,0.8982
1623748192341000,0,366.91634715,0.8945
1623748192399000,0,33.08365285,0.8945
1623748532572000,1,400.00000000,0.8963
1623748542656000,0,228.17647547,0.8970
1623748542782000,1,171.82352453,0.8971
1623748548938000,0,399.00000000,0.8974
1623748548938000,0,828.64280310,0.8974
1623748548938000,0,409.00000000,0.8976
1623748548938000,0,377.00000000,0.8979
1623748548938000,0,363.48483995,0.8992
1623748750590000,0,400.00000000,0.8950
1623748751425000,1,400.00000000,0.8950
1623748917428000,0,400.00000000,0.8971
1623749121759000,0,380.00000000,0.8986
1623749280428000,1,14.00000000,0.9057
1623749282372000,0,343.95192510,0.9057
1623749288512000,1,400.00000000,0.9048
1623749588126000,0,220.00000000,0.9053
1623749775392000,0,400.00000000,0.9013
1623749876173000,0,250.00000000,0.9007
1623749942155000,1,246.00000000,0.9011
1623749942155000,1,150.00000000,0.9011
1623749942699000,1,400.00000000,0.9016
1623749942699000,1,396.00000000,0.9011
1623749947312000,1,384.00000000,0.9011
1623749947838000,1,401.00000000,0.9011
1623749947838000,1,143.00000000,0.9010
1623749947838000,1,246.00000000,0.9010
1623749948365000,1,405.00000000,0.9011
1623750304609000,1,400.00000000,0.9018
1623750373467000,1,400.00000000,0.9018
1623750409856000,1,229.48470683,0.8984
1623750410225000,1,827.99997774,0.8984
1623750637173000,1,109.64671827,0.8988
1623751204687000,1,400.00000000,0.9020
1623751207611000,1,114.36241514,0.9028
1623751208805000,1,400.00000000,0.9015
1623751597391000,1,119.49399232,0.9030
1623752435875000,1,400.00000000,0.8992
1623753221946000,1,400.00000000,0.8994
1623753493481000,0,282.09003322,0.8999
1623754019515000,0,403.59948515,0.9012
1623754910980000,0,121.14825742,0.9015
1623754917596000,1,228.82457392,0.8998
1623755037709000,1,228.88532845,0.8999
1623755157663000,1,228.88532845,0.9004
1623755285990000,0,30.00000000,0.9025
1623755397788000,1,228.88532845,0.9003
1623755435586000,0,228.88532845,0.9012
1623755597918000,0,228.88532845,0.9022
1623755637987000,1,228.88532845,0.9019
1623756356038000,0,228.53381843,0.9038
1623756357973000,1,171.46618000,0.9038
1623756744720000,1,62.15729673,0.9008
1623756744720000,1,87.84270327,0.9004
1623756750063000,1,397.00000000,0.9006
1623756750063000,1,2.99997779,0.9005
1623756757982000,1,149.99997779,0.9002
1623756778980000,0,250.12489300,0.9007
1623756779479000,0,149.87508480,0.9007
1623756910404000,1,121.14825742,0.9002
1623756918879000,1,250.00000000,0.9002
1623756919824000,1,399.99997778,0.9000
1623756919900000,1,400.00000000,0.9000
1623756921437000,1,400.00000000,0.9000
1623756922636000,1,400.00000000,0.9000
1623756923661000,1,400.00000000,0.9000
1623756925555000,1,400.00000000,0.9000
1623756927144000,1,400.00000000,0.9000
1623756931444000,1,9175.55983919,0.9000
1623756934158000,1,400.00000000,0.9000
1623756935439000,1,9177.28514729,0.9000
1623756936056000,1,9177.43237821,0.9000
1623756936649000,1,3153.34978024,0.9000
1623756937495000,1,154.36493334,0.9000
1623756943531000,1,328.92274725,0.9002
1623756943531000,1,71.07725275,0.9000
1623756943666000,1,62.41833744,0.9000
1623756944146000,1,9182.37416937,0.9000
1623756948641000,1,6646.13818439,0.9000
1623756980010000,0,121.21650011,0.8996
1623756988839000,1,183.72359179,0.8997
1623757110112000,0,335.07454784,0.9063
1623757110428000,1,64.92545216,0.9066
1623757110428000,1,43.50602211,0.9064
1623757110749000,1,250.00000000,0.9018
1623757111002000,0,625.92545000,0.9018
1623757442975000,1,400.00000000,0.9089
1623757613745000,0,62.02781519,0.9103
1623757614304000,1,337.97218481,0.9103
1623757614304000,1,399.99999519,0.9102
1623757876268000,0,400.00000000,0.9072
1623758103631000,1,68.00000000,0.9079
1623758272737000,1,9.00000000,0.9125
1623758272737000,1,406.00000000,0.9120
1623758272737000,1,18.04313000,0.9116
1623758568747000,0,412.00000000,0.9185
1623758568747000,0,135.94520548,0.9190
1623758860375000,0,400.00000000,0.9161
1623758884875000,0,400.00000000,0.9098
1623758885912000,0,400.00000000,0.9085
1623758886549000,0,222.19221000,0.9085
1623758894341000,1,90.61137000,0.9122
1623758916237000,1,127.12909000,0.9124
1623758928153000,0,400.00000000,0.9121
1623758929628000,0,7.86713242,0.9121
1623758929767000,1,392.13286758,0.9122
1623758929767000,1,400.00000000,0.9121
1623758931582000,0,250.00000000,0.9121
1623759010692000,1,250.00000000,0.9094
1623759010971000,0,135.00000000,0.9093
1623759101300000,1,250.00000000,0.9083
1623759298949000,0,400.00000000,0.9106
1623759300028000,0,0.99998902,0.9106
1623759309332000,1,404.00000000,0.9127
1623759312155000,1,63.40627000,0.9130
1623759338212000,0,64.70750000,0.9129
1623759381432000,1,81.42337000,0.9131
1623759398536000,1,45.89127000,0.9128
1623759483251000,1,59.21087000,0.9134
1623759531486000,1,200.09589580,0.9166
1623759632368000,0,400.00000000,0.9159
1623759742930000,1,135.00000000,0.9133
1623759742930000,1,265.00000000,0.9127
1623760114926000,1,49.86888000,0.9113
1623760254091000,1,55.62441000,0.9090
1623760351479000,0,100.24783700,0.9099
1623760531802000,1,42.66759000,0.9097
1623760545366000,1,42.17978000,0.9102
1623760613743000,1,38.27071000,0.9102
1623760721558000,1,37.50615000,0.9099
1623760725066000,1,31.30756000,0.9099
1623760753333000,1,32.09924000,0.9091
1623760944815000,1,28.83832000,0.9067
1623760945905000,0,23.08530000,0.9063
1623760987742000,1,22.12257000,0.9044
1623761298386000,0,135.00000000,0.9084
1623761312820000,1,328.54098936,0.9105
1623761349420000,1,22.50285000,0.9086
1623761694464000,0,27.32442453,0.9103
1623762072744000,0,400.00000000,0.9095
1623762189079000,0,43.92756344,0.9106
1623762361148000,1,226.99208251,0.9070
1623762601381000,1,122.85598500,0.9076
1623762825710000,0,400.00000000,0.9080
1623763142621000,1,22.54266000,0.9108
1623763316056000,0,407.00000000,0.9122
1623763316056000,0,113.73411019,0.9122
1623763335850000,0,400.00000000,0.9127
1623763467192000,1,121.21650011,0.9081
1623763555578000,0,400.00000000,0.9057
1623763564267000,0,121.30161213,0.9075
1623764603056000,0,400.00000000,0.9078
1623764789643000,1,400.00000000,0.9110
1623765204854000,0,135.00000000,0.9071
1623765205261000,1,265.00000000,0.9075
1623765572037000,1,121.30161213,0.9092
1623765849786000,0,122.22123717,0.9024
1623765906789000,0,289.50414598,0.9024
1623765906959000,1,384.00000000,0.9025
1623765906959000,1,110.49585402,0.9025
1623765965034000,1,32.34411000,0.9010
1623765985834000,1,400.00000000,0.8992
1623766627983000,0,400.00000000,0.9007
1623766691968000,1,386.00000000,0.8976
1623766695873000,1,31.99805000,0.8970
1623766696773000,1,50.00000000,0.8960
1623766696773000,1,199.99998884,0.8960
1623766696905000,1,50.00001116,0.8960
1623766697661000,1,23.00000000,0.8950
1623766697661000,1,99.22123717,0.8944
1623767072907000,1,400.00000000,0.8929
1623767159866000,0,399.99997759,0.8924
1623767211712000,1,22.50000000,0.8901
1623767211712000,1,377.50000000,0.8900
1623767226952000,0,122.75324733,0.8907
1623767277955000,1,22.50000000,0.8900
1623767277955000,1,185.00000000,0.8900
1623767291787000,0,278.36948349,0.8899
1623767291902000,1,121.63051651,0.8901
1623767291959000,1,386.00000000,0.8900
1623767291959000,1,422.00000000,0.8896
1623767330883000,1,250.00000000,0.8882
1623767332953000,0,150.00000000,0.8882
1623767445957000,1,250.00000000,0.8919
1623767446133000,0,149.39234198,0.8916
1623767446174000,0,253.60765802,0.8916
1623767446174000,0,150.00000000,0.8916
1623767446174000,0,384.00000000,0.8920
1623767466545000,1,122.75324733,0.8918
1623768312364000,1,400.00000000,0.8928
1623769027220000,0,277.06167413,0.8945
1623769027315000,1,122.93832587,0.8946
1623769027359000,1,405.00000000,0.8945
1623769340178000,0,400.00000000,0.8918
1623769384982000,0,399.99997758,0.8921
1623769416410000,0,250.00000000,0.8930
1623769436058000,1,399.00000000,0.8885
1623769436058000,1,250.00000000,0.8883
1623769436058000,1,1389.64096782,0.8883
1623769436058000,1,338.48667523,0.8880
1623769451435000,0,122.87022695,0.8909
1623769794332000,1,122.87022695,0.8942
1623770061774000,0,400.00000000,0.8947
1623770332105000,1,400.00000000,0.8943
1623770387810000,0,123.12312312,0.8924
1623770806118000,0,250.00000000,0.8928
1623771767815000,0,400.00000000,0.8895
1623771786777000,1,250.00000000,0.8917
1623772183891000,1,400.00000000,0.8951
1623772464953000,0,384.99998880,0.8926
1623772473508000,1,250.00000000,0.8911
1623772477538000,0,249.99998878,0.8911
1623772478929000,1,150.00000000,0.8912
1623772758455000,1,23.00000000,0.8938
1623773762575000,0,400.00000000,0.8946
1623774291095000,0,359.79254612,0.8940
1623775155775000,1,400.00000000,0.8932
1623775297777000,0,250.00000000,0.8965
1623775297953000,1,150.00000000,0.8966
1623776114038000,1,131.00000000,0.8925
1623776114038000,1,269.00000000,0.8924
1623776116048000,1,250.00000000,0.8921
1623776259041000,0,400.00000000,0.8942
1623776671712000,0,400.00000000,0.8913
1623776730282000,0,400.00000000,0.8924
1623776731959000,1,250.00000000,0.8935
1623776736129000,1,250.00000000,0.8939
1623777826598000,0,400.00000000,0.8891
1623778574405000,1,400.00000000,0.8910
1623778856953000,1,400.00000000,0.8945
1623779000182000,0,111.87183962,0.8939
1623779320731000,0,223.72365653,0.8940
1623779661623000,0,55.98539900,0.8931
1623780085640000,0,369.12409027,0.9024
1623780086010000,1,30.87590973,0.9024
1623780100354000,0,30.87591000,0.9024
1623780138794000,1,250.00000000,0.9024
1623780275489000,0,300.93597246,0.9124
1623780323652000,1,400.00000000,0.9085
1623780326225000,1,368.58893655,0.9077
1623780328356000,0,31.41106345,0.9077
1623780582673000,0,396.00000000,0.9098
1623780582673000,0,272.59290757,0.9099
1623780582673000,0,387.00000000,0.9100
1623780582673000,0,388.00000000,0.9102
1623780582673000,0,310.12044670,0.9105
1623780591364000,1,487.43845612,0.9099
1623780594255000,0,250.00000000,0.9106
1623780594369000,1,150.00000000,0.9108
1623780594929000,1,402.00000000,0.9105
1623780594929000,1,404.00000000,0.9101
1623780771024000,0,94.63287650,0.9143
1623780884267000,1,400.00000000,0.9140
1623780953808000,0,122.80467700,0.9119
1623780954051000,1,247.22613176,0.9123
1623780960105000,0,124.55555000,0.9123
1623780960354000,1,275.44445000,0.9127
1623780968308000,1,120.16856984,0.9102
1623781033235000,1,400.00000000,0.9080
1623781033522000,1,250.23384600,0.9080
1623781033784000,0,149.76613198,0.9080
1623781045622000,1,400.00000000,0.9060
1623781052770000,0,403.99998182,0.9068
1623781088477000,1,227.27272727,0.9052
1623781129037000,1,235.90416400,0.9054
1623781129177000,1,1127.66280553,0.9054
1623781129293000,0,235.90416447,0.9054
1623781129310000,1,1127.65890205,0.9054
1623781434862000,0,250.00000000,0.9080
1623781434968000,1,150.00000000,0.9081
1623781435832000,0,131.00000000,0.9095
1623781435975000,1,269.00000000,0.9099
1623781435975000,1,406.00000000,0.9093
1623781450397000,0,21.98164532,0.9099
1623782305892000,1,328.54098936,0.9087
1623782376078000,0,121.16908000,0.9098
1623782557520000,0,403.00000000,0.9091
1623782557520000,0,250.00000000,0.9095
1623782557520000,0,408.84741749,0.9097
1623782557520000,0,401.00000000,0.9098
1623782557520000,0,545.00266818,0.9114
1623782557520000,0,272.71288082,0.9122
1623782557520000,0,38.95422091,0.9122
1623782649947000,1,185.80992700,0.9078
1623782756968000,0,215.58801626,0.9112
1623782757186000,1,184.41198374,0.9113
1623782780393000,1,386.00000000,0.9077
1623782782275000,1,131.00000000,0.9073
1623782788985000,1,0.00390301,0.9054
1623783078134000,1,22.50000000,0.9014
1623783621974000,1,24.16638000,0.8988
1623783621974000,1,250.00000000,0.8988
1623783622193000,0,125.83362000,0.8987
1623784510728000,1,357.92035458,0.8978
1623784524105000,0,400.00000000,0.8966
1623784525187000,0,397.76618000,0.8966
1623784529078000,0,400.00000000,0.8955
1623784529138000,0,384.00414350,0.8955
1623784534438000,0,400.00000000,0.8961
1623784539809000,0,250.00000000,0.8985
1623784540379000,1,396.00000000,0.8988
1623784577155000,1,250.00000000,0.8961
1623784577155000,1,163.03797000,0.8957
1623784577155000,1,131.00000000,0.8954
1623784577155000,1,1379.45535830,0.8952
1623784577155000,1,396.02385910,0.8944
1623784738343000,1,125.37005000,0.8958
1623784738349000,0,125.24605000,0.8956
1623784802499000,1,99.06660000,0.8970
1623784820305000,1,158.53616000,0.8962
1623784823912000,0,107.98625000,0.8959
1623784850840000,1,103.43710000,0.8952
1623784850964000,0,296.56290000,0.8951
1623785009591000,0,400.00000000,0.8937
1623785048714000,1,76.18401000,0.8930
1623785095255000,1,250.00000000,0.8893
1623785095255000,1,150.00000000,0.8893
1623785095576000,1,39.42886000,0.8893
1623785095576000,1,360.57111751,0.8889
1623785140360000,1,74.10220000,0.8898
1623785142012000,0,67.83640000,0.8894
1623785142865000,0,258.06140000,0.8894
1623785171787000,1,164.07639700,0.8884
1623785194101000,1,71.98912000,0.8872
1623785194580000,1,250.00000000,0.8859
1623785194580000,1,131.00000000,0.8858
1623785194580000,1,399.00000000,0.8857
1623785194580000,1,1393.55876214,0.8856
1623785194580000,1,76.98764000,0.8850
1623785194580000,1,433.00000000,0.8846
1623785194580000,1,752.48480181,0.8845
1623785251825000,1,44.72781000,0.8872
1623785252745000,0,54.55936000,0.8872
1623785411999000,1,219.16724100,0.8885
1623785525511000,1,42.85032000,0.8913
1623785526979000,0,39.44841000,0.8913
1623785532261000,1,109.78463000,0.8906
1623785571804000,1,31.59473000,0.8902
1623785571804000,1,368.40527000,0.8902
1623785652250000,1,109.37445188,0.8906
1623786361745000,1,43.21677000,0.8909
1623786698615000,1,35.13912000,0.8892
1623786698776000,0,364.86088000,0.8891
1623786698776000,0,395.00000000,0.8892
1623786700104000,1,33.77690000,0.8893
1623787008735000,1,28.05674000,0.8880
1623787213884000,1,26.87793000,0.8876
1623787220440000,1,24.18609000,0.8879
1623787317769000,1,24.02835000,0.8849
1623787350474000,1,22.77548000,0.8819
1623787362173000,1,123.12312312,0.8800
1623787362448000,1,262.87687688,0.8800
1623787362448000,1,285.06832860,0.8800
1623787408777000,0,131.00000000,0.8835
1623787408777000,0,269.00000000,0.8835
1623787759495000,0,131.00000000,0.8843
1623787778768000,0,250.00000000,0.8853
1623787852281000,0,384.99996613,0.8857
1623787947330000,1,400.00000000,0.8856
1623788035774000,0,400.00000000,0.8858
1623788108297000,0,123.31557862,0.8786
1623788137139000,1,350.18391773,0.8781
1623788266150000,0,399.99998121,0.8771
1623788266182000,0,0.00001879,0.8771
1623788295760000,1,400.00000000,0.8778
1623788804615000,0,233.73223635,0.8845
1623788999341000,0,233.37658579,0.8856
1623789000260000,1,166.62341421,0.8856
1623789014722000,1,233.31560134,0.8833
1623789155119000,0,233.33084447,0.8856
1623789313877000,1,400.00000000,0.8841
1623789374754000,1,233.36569337,0.8841
1623789494873000,1,233.28729797,0.8842
1623789595575000,0,385.00000000,0.8847
1623789596878000,0,400.00000000,0.8848
1623789600584000,1,400.00000000,0.8839
1623789601621000,1,400.00000000,0.8839
1623789608568000,0,393.00000000,0.8843
1623789609100000,0,400.00000000,0.8843
1623789615126000,1,153.18395800,0.8839
1623789891044000,1,397.00000000,0.8807
1623789891113000,0,90.43845612,0.8807
1623790216261000,0,233.26335500,0.8829
1623790387408000,0,250.00000000,0.8804
1623790453639000,0,250.00000000,0.8812
1623791096281000,0,119.79867669,0.8841
1623791775182000,1,400.00000000,0.8847
1623791925345000,0,406.00000000,0.8865
1623791925345000,0,405.00000000,0.8865
1623791925345000,0,131.00000000,0.8871
1623791925345000,0,250.00000000,0.8872
1623791925345000,0,699.32997544,0.8876
1623791925345000,0,433.00000000,0.8882
1623791925345000,0,2500.00000000,0.8882
1623791925345000,0,932.50880598,0.8888
1623791925345000,0,372.74946724,0.8892
1623791925345000,0,967.45331000,0.8896
1623791925345000,0,721.06417562,0.8913
1623791925345000,0,1165.76880467,0.8927
1623791925345000,0,725.14806107,0.8927
1623791925345000,0,1019.51269000,0.8930
1623791925345000,0,986.07725000,0.8959
1623791925345000,0,62.15729673,0.8982
1623791925345000,0,1367.00819480,0.8982
1623792418128000,1,123.31557862,0.8863
1623792761949000,0,50.00000000,0.8871
1623793189612000,1,371.09640178,0.8849
1623793190817000,1,339.55431000,0.8840
1623793211562000,0,123.62982319,0.8840
1623795330435000,0,250.00000000,0.8862
1623795330435000,0,150.00000000,0.8863
1623797373531000,1,400.00000000,0.8888
1623797527262000,1,207.52059698,0.8885
1623797922510000,0,250.00000000,0.8913
1623798257673000,1,379.02042000,0.8959
1623798261196000,1,229.46318000,0.8967
1623798438504000,0,119.37731823,0.8970
1623798472788000,0,250.00000000,0.8970
1623798580476000,0,250.00000000,0.8979
1623798740082000,1,168.71509388,0.8927
1623799263577000,0,400.00000000,0.8925
1623799400241000,1,232.32472196,0.8857
1623799511709000,0,250.00000000,0.8903
1623799512965000,1,149.99998877,0.8903
1623799513119000,1,0.00001123,0.8903
1623799513189000,0,108.54307977,0.8899
1623799513291000,1,291.45692023,0.8903
1623799514330000,0,400.00000000,0.8899
1623799515421000,0,109.52080977,0.8899
1623799515421000,0,132.43463659,0.8899
1623799520300000,1,172.24314861,0.8881
1623799534541000,0,400.00000000,0.8916
1623799536781000,0,9.99998877,0.8916
1623799568742000,1,350.37080713,0.8900
1623799568976000,0,49.62919287,0.8899
1623800360563000,1,172.40963910,0.8905
1623801109097000,1,250.00000000,0.8901
1623801109137000,1,116.09000000,0.8901
1623801112146000,0,194.45037000,0.8894
