timestamp ms,type,amount,price
1625184243211000,0,244.67500000,0.5800
1625184244296000,0,255.32500000,0.5800
1625184252489000,0,150.00000000,0.5815
1625184313236000,0,85.76329331,0.5830
1625184328207000,0,214.23670669,0.5830
1625184436733000,0,449.99999500,0.5845
1625184437574000,0,0.00000500,0.5845
1625184449492000,0,599.99999500,0.5860
1625184449850000,0,0.00000500,0.5860
1625186210479000,1,1708.79611815,0.5848
1625186845938000,1,244.67500000,0.5868
1625186847991000,1,244.67500000,0.5868
1625186866659000,1,244.67500000,0.5868
1625186867618000,1,3415.97500000,0.5868
1625189137399000,1,1191.22214194,0.5803
1625189247574000,0,600.00000000,0.5801
1625190143147000,1,98.96868653,0.5790
1625190143147000,1,482.81101895,0.5790
1625196092519000,0,244.67500000,0.5707
1625199429296000,0,1228.07453857,0.5629
1625204557780000,0,244.67500000,0.5542
1625204926497000,1,101.54315640,0.5508
1625204926497000,1,409.24234518,0.5506
1625204926497000,1,97.03605176,0.5506
1625204926497000,1,620.25298523,0.5506
1625207607438000,1,244.67500000,0.5556
1625207896495000,1,41.00917431,0.5517
1625208629748000,1,1000.00000000,0.5524
1625208659324000,1,500.00000000,0.5526
1625210237853000,1,500.00000000,0.5565
1625210280534000,1,100.00000000,0.5567
1625210361571000,1,100.00000000,0.5567
1625211876003000,1,244.67500000,0.5580
1625212297874000,1,94.84981778,0.5599
1625212297874000,1,5.15018222,0.5598
1625212308685000,1,95.42747562,0.5601
1625212308685000,1,4.57252438,0.5600
1625212372766000,0,500.00000000,0.5600
1625212418434000,1,244.67500000,0.5609
1625212469383000,0,100.00000000,0.5605
1625215942372000,1,500.00000000,0.5600
1625217423673000,0,500.00000000,0.5532
1625217454897000,0,100.00000000,0.5525
1625217478487000,0,500.00000000,0.5523
1625217511656000,0,100.00000000,0.5524
1625217735739000,1,244.67500000,0.5510
1625217736305000,1,18166.75587514,0.5510
1625217736700000,1,1185.70161124,0.5510
1625218065859000,0,100.00000000,0.5498
1625221050401000,0,97.19307929,0.5472
1625221050460000,1,244.67500000,0.5472
1625221050566000,1,1858.13192071,0.5472
1625223667586000,0,1813.81824364,0.5519
1625224759486000,1,200.00000000,0.5535
1625224930696000,0,1807.62553292,0.5536
1625224930789000,1,1807.62553292,0.5537
1625228152062000,0,244.67500000,0.5489
1625230965086000,1,244.67500000,0.5536
1625230965203000,1,3267.71626244,0.5536
1625231616005000,0,1212.83541397,0.5575
1625236599164000,0,244.67500000,0.5658
1625238907602000,0,244.67500000,0.5625
1625239010188000,1,1212.83541397,0.5609
1625245357014000,1,244.67500000,0.5706
1625246902503000,0,166.94490818,0.5690
1625248076026000,0,244.67500000,0.5683
1625265523065000,1,1000.00000000,0.5758
1625265558909000,1,735.00000000,0.5758
1625265575936000,1,0.31009181,0.5758
1625265575936000,1,1734.68990819,0.5758
1625266091717000,1,100.00000000,0.5762
1625271556644000,1,100.00000000,0.5770
1625271570535000,1,100.00000000,0.5772
1625271590683000,1,100.00000000,0.5771
1625271616947000,1,100.00000000,0.5770
1625275172442000,0,244.67500000,0.5719
1625276154449000,0,130.00000000,0.5722
1625284098186000,0,1761.00000000,0.5681
1625284161802000,0,0.95037575,0.5681
1625284161802000,0,1761.04962425,0.5681
1625289604948000,1,244.67500000,0.5700
1625289605983000,1,244.67500000,0.5700
1625289606651000,1,87.65000000,0.5700
1625291008695000,0,244.67500000,0.5751
1625291011805000,0,244.67500000,0.5751
1625291011862000,0,87.65000000,0.5751
1625291012032000,0,87.65000000,0.5755
1625293332953000,1,1728.00000000,0.5786
1625293947585000,0,100.00000000,0.5790
1625295758989000,1,244.67500000,0.5758
1625296179763000,1,244.67500000,0.5762
1625298200513000,0,244.67500000,0.5851
1625298214305000,0,39.81179081,0.5851
1625298940296000,0,244.67500000,0.5880
1625298944302000,0,244.67500000,0.5880
1625298947355000,0,3660.65000000,0.5880
1625300396421000,1,500.00000000,0.5864
1625300923532000,1,244.67500000,0.5861
1625301256504000,1,1704.00000000,0.5856
1625301338836000,1,2.54844008,0.5856
1625301338836000,1,242.12655992,0.5855
1625301385647000,1,591.00000000,0.5851
1625305706395000,0,244.67500000,0.5887
1625306524261000,1,60.00000000,0.5883
1625311011365000,0,53.27023800,0.5961
1625318318322000,0,1691.59932266,0.5915
1625318318322000,0,4228.89649784,0.5917
1625318318322000,0,99.10424784,0.5917
1625318318322000,0,3202.93349510,0.5918
1625318318322000,0,5921.56072810,0.5918
1625318318322000,0,95.79814550,0.5919
1625318318322000,0,97.49434260,0.5920
1625318318322000,0,206.00000000,0.5924
1625318318322000,0,372.25291431,0.5924
1625318318322000,0,859.82095894,0.5924
1625318318322000,0,1798.95508856,0.5924
1625319808587000,0,465.90662200,0.5912
1625320292985000,0,1688.63589514,0.5926
1625320292985000,0,4081.39410486,0.5929
1625327482287000,0,1679.22543259,0.5959
1625330848178000,1,1679.58366057,0.5951
1625330848208000,1,0.00000001,0.5951
1625330853242000,1,244.67500000,0.5944
1625330860152000,1,734.02498004,0.5944
1625330860305000,1,97.73497260,0.5932
1625330860305000,1,99.43912743,0.5930
1625330860305000,1,536.85087150,0.5929
1625330860483000,1,101.22902383,0.5931
1625330860483000,1,2642.75088530,0.5929
1625330860483000,1,1684.03935095,0.5929
1625330860483000,1,98.77782420,0.5928
1625330860483000,1,6275.86000000,0.5927
1625330860483000,1,697.03068414,0.5926
1625330860483000,1,4210.08693158,0.5926
1625330860483000,1,1743.00859567,0.5925
1625330860483000,1,1121.63244578,0.5925
1625332721816000,1,244.67500000,0.5922
1625335546980000,1,1688.99218519,0.5926
1625335547364000,1,2461.00781481,0.5926
1625335593663000,1,146.34054732,0.5916
1625336977556000,0,1161.70824524,0.5913
1625338499014000,1,241.64222880,0.5931
1625338678353000,0,100.00000000,0.5932
1625338704291000,1,100.00000000,0.5930
1625338746001000,1,100.00000000,0.5925
1625338819574000,1,100.00000000,0.5915
1625340856122000,1,100.00000000,0.5905
1625340856122000,1,1061.70824524,0.5904
1625345731392000,0,244.67500000,0.5885
1625349549198000,1,128.76678257,0.5838
1625351671467000,1,244.67500000,0.5800
