timestamp ms,type,amount,price
1622505760743000,0,4391.38032057,1.0250
1622506244077000,1,975.13792714,1.0246
1622506244174000,0,975.13792714,1.0246
1622506244760000,0,7766.48540112,1.0246
1622506573043000,0,546.00000000,1.0279
1622506573043000,0,555.00000000,1.0281
1622506573043000,0,560.00000000,1.0285
1622506573043000,0,542.00000000,1.0285
1622506573126000,1,40.00000000,1.0285
1622506573181000,1,560.00000000,1.0285
1622506573269000,1,9744.85371289,1.0285
1622506573675000,1,364.91066352,1.0285
1622506573827000,1,5858.65558314,1.0285
1622506885118000,0,50.00000000,1.0196
1622507980415000,1,63.11935870,1.0220
1622509511299000,0,423.26952671,1.0286
1622510395764000,1,1000.00000000,1.0200
1622511005164000,1,371.87108027,1.0047
1622511005310000,1,371.87108027,1.0047
1622511006314000,1,60.04575817,1.0047
1622511011486000,1,372.03921003,1.0047
1622511011525000,1,111.76416682,1.0047
1622511019729000,1,424.20697418,1.0047
1622511064982000,1,445.00000000,1.0000
1622511065477000,1,49.93649809,1.0000
1622511082736000,0,40.00000000,1.0021
1622511084308000,1,520.00000000,1.0021
1622511746230000,1,355.35029448,1.0050
1622511832023000,1,371.05451086,1.0012
1622511832023000,1,543.00000000,1.0008
1622511832023000,1,544.00000000,1.0006
1622511832023000,1,40.00000000,1.0004
1622511832023000,1,170.76768507,1.0004
1622512055682000,0,4700.00000000,1.0000
1622512743406000,1,359.82489062,0.9974
1622513024004000,1,349.82970546,0.9984
1622513024004000,1,419.44919741,0.9982
1622513193703000,0,361.93357467,0.9972
1622513305251000,1,40.00000000,0.9894
1622513305251000,1,149.76611424,0.9894
1622513365590000,0,38.66672000,0.9903
1622513365590000,0,153.60352464,0.9918
1622513711754000,0,40.00000000,0.9909
1622513894279000,0,372.37275137,0.9879
1622514977024000,1,96.13512232,1.0005
1622515766246000,1,285.12033442,1.0000
1622516598241000,0,328.87961284,1.0043
1622516675067000,0,49.93649809,1.0067
1622518402520000,1,363.48494491,1.0043
1622518402582000,1,363.48494491,1.0049
1622518678361000,1,552.00000000,1.0054
1622518931457000,1,38.07634000,1.0034
1622521634245000,0,445.00000000,1.0200
1622522255817000,0,1000.00000000,1.0220
1622522464531000,1,425.01473516,1.0238
1622522604131000,0,974.88193974,1.0267
1622522848357000,0,157.95916045,1.0282
1622523569527000,0,977.73385831,1.0236
1622523574498000,0,977.36858961,1.0240
1622523574498000,0,828.17985042,1.0240
1622523575124000,0,437.21296988,1.0240
1622523582494000,0,540.15561973,1.0240
1622523582494000,0,444.39129472,1.0240
1622523583030000,0,977.36858961,1.0240
1622523586493000,0,195.66163049,1.0240
1622523996553000,0,589.85305453,1.0300
1622525121953000,0,474.47763109,1.0383
1622525129833000,0,66.19487738,1.0383
1622525130364000,0,66.19487738,1.0383
1622525130825000,0,66.19487738,1.0383
1622525131469000,0,66.19487738,1.0383
1622525131883000,0,66.19487738,1.0383
1622525132389000,0,66.19487738,1.0383
1622525132908000,0,66.19487738,1.0383
1622525170375000,0,81.68899753,1.0387
1622525303500000,0,300.00000000,1.0400
1622525303500000,0,132.65457318,1.0409
1622525304053000,0,131.46555612,1.0409
1622525549187000,1,50.67000000,1.0426
1622525549444000,1,71.20000000,1.0429
1622525550469000,1,243.43000000,1.0426
1622525573024000,1,163.67501174,1.0432
1622525573276000,1,52.68611242,1.0432
1622525591862000,1,242.96000000,1.0427
1622525605046000,1,27.30000000,1.0432
1622525699427000,1,35.59449412,1.0438
1622525699494000,1,35.54550588,1.0438
1622525797071000,0,120.35533129,1.0458
1622525799473000,0,302.92671154,1.0458
1622526214619000,0,560.00000000,1.0479
1622526214619000,0,720.46660242,1.0481
1622526387203000,0,30.00000000,1.0487
1622526925749000,0,25.62794225,1.0521
1622527117987000,0,336.73909737,1.0523
1622527438429000,0,565.00000000,1.0515
1622527438429000,0,801.54875000,1.0518
1622527438429000,0,552.00000000,1.0518
1622527438429000,0,951.80106680,1.0518
1622527438524000,1,560.00000000,1.0518
1622527438568000,1,951.80106680,1.0518
1622527438646000,1,9519.83928357,1.0518
1622527439188000,1,9522.21780731,1.0518
1622527439822000,1,5313.62942652,1.0518
1622527956361000,0,857.90446846,1.0503
1622527956361000,0,2132.08417534,1.0508
1622528287236000,1,40.00000000,1.0406
1622530084376000,1,346.99869136,1.0294
1622530169107000,1,305.73871569,1.0303
1622530388398000,0,560.00000000,1.0333
1622530409869000,0,46.32189168,1.0357
1622530532014000,1,71.35000000,1.0372
1622530983877000,1,233.55000000,1.0423
1622531049285000,1,71.14000000,1.0438
1622531087583000,1,242.96000000,1.0428
1622532307972000,1,25.00000000,1.0325
1622532355526000,1,25.00000000,1.0300
1622532521064000,1,25.00000000,1.0275
1622532529269000,1,48.69521970,1.0255
1622532529269000,1,25.00000000,1.0250
1622532529269000,1,545.00000000,1.0244
1622532529269000,1,40.00000000,1.0242
1622532529269000,1,353.80780333,1.0241
1622532529269000,1,975.49185554,1.0240
1622532529269000,1,222.65312143,1.0239
1622532825697000,0,550.00000000,1.0239
1622532883733000,1,25.00000000,1.0225
1622533557749000,0,42.38979090,1.0245
1622533752221000,0,31.79234317,1.0267
1622533876169000,0,250.00000000,1.0274
1622534109747000,0,43.84425738,1.0280
1622534447053000,0,42.88319303,1.0314
1622534535711000,0,48.69521970,1.0334
1622534743586000,1,40.00000000,1.0250
1622534744117000,1,250.00000000,1.0250
1622534800072000,1,250.00000000,1.0225
1622534863773000,1,25.00000000,1.0200
1622534863773000,1,250.00000000,1.0200
1622535050545000,1,25.00000000,1.0175
1622535060142000,1,25.00000000,1.0150
1622535073330000,1,25.00000000,1.0125
1622535113089000,1,25.00000000,1.0100
1622535208655000,0,39.99999999,1.0073
1622535208655000,0,0.00000001,1.0073
1622535423854000,1,8370.00000000,1.0067
1622535424352000,1,40.00000000,1.0061
1622535439191000,1,360.64180861,1.0010
1622535439194000,1,204.35819139,1.0010
1622535439194000,1,156.28361722,1.0008
1622535442292000,1,360.37753742,1.0006
1622535487276000,1,349.50208426,0.9970
1622535511240000,0,40.00000000,0.9997
1622535660326000,0,250.00000000,1.0041
1622535904056000,1,736.63111519,1.0010
1622535980186000,1,250.00000000,1.0025
1622536126488000,1,250.00000000,1.0000
1622536287294000,0,560.00000000,0.9990
1622536287305000,1,87.20430634,0.9988
1622536287338000,1,361.64319037,0.9988
1622536287340000,1,90.86612740,0.9988
1622536287382000,1,1722.51137589,0.9988
1622536288994000,1,250.00000000,0.9975
1622536301231000,1,25.62794225,0.9963
1622536307487000,1,340.56574936,0.9955
1622536307829000,1,0.17037265,0.9955
1622536309957000,1,250.00000000,0.9950
1622536405706000,0,40.00000000,0.9959
1622537040180000,1,151.73298105,0.9941
1622537041716000,1,40.00000000,0.9941
1622537060182000,1,250.00000000,0.9925
1622537093890000,1,100.00000000,0.9924
1622537106533000,1,100.00000000,0.9936
1622537555445000,0,1220.51990091,1.0022
1622538082963000,0,77.09686349,1.0078
1622538149228000,1,134.68827672,1.0078
1622538194458000,1,39.99999999,1.0093
1622538421193000,0,168.31781126,1.0103
1622539414212000,1,358.41185542,1.0078
1622539414303000,1,8551.58814458,1.0078
1622539451931000,1,358.17915947,1.0048
1622539751825000,1,1000.00136661,0.9994
1622539751825000,1,554.00000000,0.9993
1622539751825000,1,570.00000000,0.9993
1622539751923000,0,539.00000000,0.9990
1622539751927000,0,560.00000000,0.9990
1622539752025000,0,559.00000000,0.9990
1622539752087000,0,9998.18338488,0.9990
1622539752686000,0,999.81833849,0.9990
1622539752690000,0,3991.41686957,0.9990
1622539789760000,0,1001.88931084,0.9988
1622539789760000,0,993.43461706,0.9989
1622540010727000,1,354.52757185,0.9939
1622540257698000,0,112.21187418,1.0018
1622540702039000,0,1318.97101390,0.9990
1622541172730000,1,570.00000000,1.0017
1622541312240000,0,581.00000000,1.0020
1622541428801000,0,551.00000000,1.0018
1622541428801000,0,999.19903920,1.0018
1622541611804000,1,201.37619951,1.0036
1622541702132000,0,561.00000000,1.0052
1622541705166000,0,301.94770984,1.0049
1622541983614000,0,539.00000000,1.0069
1622543213742000,0,177.79731017,1.0243
1622543913607000,0,725.06768097,1.0319
1622543937203000,1,349.05933442,1.0295
1622544153948000,0,6720.00000000,1.0348
1622544834677000,1,34.46774783,1.0275
1622544834677000,1,89.61762283,1.0275
1622544834677000,1,238.44846982,1.0275
1622545291252000,0,952.29855964,1.0268
1622545326972000,1,80.78162600,1.0250
1622545649483000,0,43.47149456,1.0261
1622546661576000,1,43.47149456,1.0314
1622546675371000,1,26.50000000,1.0324
1622547234622000,1,71.39000000,1.0360
1622547269728000,1,244.62000000,1.0368
1622547486204000,1,244.38000000,1.0370
1622547862585000,1,340.21952637,1.0349
1622548348770000,1,121.96000000,1.0378
1622549433720000,1,40.00000000,1.0191
1622549433720000,1,54.25713793,1.0190
1622549433720000,1,325.74286207,1.0190
1622549720233000,1,60.00000000,1.0131
1622549896740000,0,560.00000000,1.0193
1622549896922000,0,4441.86610000,1.0193
1622550101538000,1,980.10608363,1.0194
1622550101538000,1,569.00000000,1.0191
1622550101656000,0,980.10608363,1.0190
1622550101663000,0,4384.46794018,1.0190
1622550351249000,1,331.37295882,1.0199
1622550351249000,1,31.16088167,1.0198
1622550556809000,1,5717.05200000,1.0137
1622550557317000,1,6535.54440000,1.0133
1622550890540000,0,108.19320530,1.0209
1622551220703000,0,43.06228904,1.0162
1622551254232000,0,452.19227246,1.0153
1622552943253000,1,868.47805666,0.9931
1622552944223000,1,117.52801197,0.9923
1622552945122000,1,1006.21500573,0.9924
1622552945122000,1,2396.82519951,0.9923
1622552945122000,1,2978.95979476,0.9920
1622552969655000,0,548.00000000,0.9928
1622552987568000,0,555.00000000,0.9929
1622553178229000,0,149.13087579,0.9922
1622553993142000,0,7937.40513584,1.0018
1622554205767000,0,985.83923694,1.0157
1622554205767000,0,350.45699698,1.0157
1622554205767000,0,242.23547808,1.0161
1622554297365000,1,40.00000000,1.0216
1622554297365000,1,320.56671992,1.0216
1622554391644000,0,40.00000000,1.0259
1622554391644000,0,400.99557909,1.0269
1622554754933000,0,2999.76836447,1.0199
1622554766891000,0,40.00000000,1.0228
1622554895056000,1,40.00000000,1.0315
1622554966275000,1,245.34000000,1.0359
1622555001532000,1,233.99000000,1.0346
1622555071817000,1,71.41000000,1.0350
1622555116197000,0,966.92213599,1.0356
1622555116197000,0,2415.19553357,1.0368
1622555116197000,0,3380.82087431,1.0379
1622555116197000,0,7080.00000000,1.0382
1622555116197000,0,9665.59517636,1.0385
1622555116197000,0,4830.18248230,1.0387
1622555116197000,0,331.02490385,1.0401
1622555116197000,0,351.44235115,1.0412
1622555116197000,0,350.84706309,1.0427
1622555116197000,0,2977.00000000,1.0439
1622555116197000,0,25000.00000000,1.0439
1622555116197000,0,22.13179719,1.0500
1622555116197000,0,9143.24836611,1.0500
1622555116197000,0,25.62794225,1.0521
1622555116197000,0,6130.06443919,1.0546
1622555116596000,1,40.00000000,1.0334
1622555118426000,1,244.86000000,1.0327
1622555144037000,0,55.07072092,1.0356
1622555311956000,0,40.00000000,1.0329
1622555344447000,1,40.00000000,1.0331
1622555953290000,0,824.60866858,1.0334
1622556254240000,1,325.90818178,1.0353
1622557333267000,0,40.00000000,1.0211
1622557808882000,1,40.00000000,1.0208
1622557845440000,0,40.00000000,1.0221
1622558969237000,1,356.52891161,1.0227
1622559151991000,1,526.14080633,1.0152
1622559317617000,1,40.00000000,1.0120
1622559430832000,1,987.84553576,1.0115
1622559430832000,1,582.00000000,1.0113
1622559430832000,1,2469.88518231,1.0112
1622559430832000,1,251.96808242,1.0103
1622559430832000,1,630.10619688,1.0103
1622559430832000,1,3459.29225596,1.0103
1622559430832000,1,2262.22500000,1.0102
1622559430832000,1,4939.77036461,1.0102
1622559430832000,1,872.00000000,1.0095
1622559430832000,1,629.98148656,1.0095
1622559430832000,1,349.89474725,1.0095
1622559430832000,1,40.00000000,1.0086
1622559430832000,1,9889.21037466,1.0086
1622559430832000,1,339.03033483,1.0085
1622559430832000,1,2977.00000000,1.0079
1622559430832000,1,353.44808558,1.0070
1622559430832000,1,25000.00000000,1.0059
1622559430832000,1,120.60997699,1.0038
1622559430832000,1,16515.83544155,1.0032
1622559431006000,1,557.00000000,1.0117
1622559431006000,1,560.00000000,1.0091
1622559431006000,1,434.52779592,1.0032
1622559431006000,1,1438.46084788,1.0032
1622559441409000,0,40.00000000,1.0139
1622560245102000,0,144.09982707,1.0022
1622560357713000,1,40.00000000,1.0033
1622560612414000,0,2977.00000000,1.0068
1622560715350000,1,106.66216604,1.0058
1622560907905000,0,137.76185097,1.0092
1622561730799000,1,20.33671388,1.0078
1622561778709000,1,40.00000000,1.0055
1622561779334000,1,40.00000000,1.0048
1622561779334000,1,44.66746612,1.0048
1622561886061000,0,40.00000000,1.0096
1622562181008000,0,97.86713724,1.0139
1622562461373000,1,62.43558215,1.0117
1622562461373000,1,62.43558215,1.0117
1622562461398000,1,62.43558216,1.0117
1622562550820000,1,63.11935871,1.0117
1622563199380000,0,583.00000000,1.0208
1622563219350000,1,40.00000000,1.0195
1622563934722000,0,881.00000000,1.0162
1622564016376000,0,881.00000000,1.0177
1622564016487000,0,560.00000000,1.0182
1622564017378000,0,120.60997699,1.0208
1622564024585000,1,39.99999999,1.0191
1622565093483000,1,91.11428156,1.0149
1622565093491000,1,85.30810699,1.0149
1622565094567000,1,39.99999999,1.0142
1622565094580000,1,0.00000001,1.0142
1622566228147000,1,356.87468033,1.0056
1622566241003000,1,344.97482645,1.0037
1622566644701000,0,600.00000000,1.0029
1622567053563000,1,348.59799965,1.0056
1622568710323000,1,520.20586147,1.0084
1622568769906000,1,375.50229257,1.0085
1622569549400000,0,680.07841673,1.0176
1622570383914000,0,89.90000292,1.0250
1622570482710000,1,113.83092694,1.0224
1622572032913000,1,325.61349351,1.0236
1622572218329000,0,881.00000000,1.0213
1622573849732000,1,680.07841673,1.0181
1622574436039000,0,321.02573064,1.0108
1622574436177000,1,559.00000000,1.0097
1622574436177000,1,3851.14300000,1.0092
1622574436177000,1,990.14122809,1.0092
1622574436177000,1,564.00000000,1.0091
1622574436177000,1,3178.96413802,1.0087
1622574993016000,1,242.73004992,1.0083
1622575744164000,1,59.47717999,1.0100
1622575744352000,1,0.00000001,1.0100
1622576358871000,1,560.00000000,1.0047
1622576358979000,1,357.95564799,1.0047
1622576359027000,1,357.95564799,1.0047
1622576359066000,1,357.95564799,1.0047
1622576359097000,1,1062.60357400,1.0047
1622576435175000,0,305.78400947,1.0071
1622576478305000,0,178.03697000,1.0055
1622576906664000,0,495.35617852,1.0074
1622577304555000,1,355.39640129,1.0033
1622577776446000,0,580.00000000,1.0142
1622577776446000,0,562.00000000,1.0145
1622577776446000,0,966.35617436,1.0147
1622577776446000,0,391.64382564,1.0147
1622577953903000,1,343.91540380,1.0111
1622578007201000,1,178.59872000,1.0100
1622578517568000,1,40.00000000,1.0071
1622578517568000,1,324.89510747,1.0071
1622578517568000,1,549.00000000,1.0068
1622578517568000,1,2571.17559562,1.0066
1622578517570000,1,995.60599427,1.0066
1622578517572000,1,284.36141011,1.0066
1622578517572000,1,357.55938586,1.0066
1622578517572000,1,539.00000000,1.0066
1622578517666000,0,560.00000000,1.0059
1622578539408000,0,881.00000000,1.0081
1622578539408000,0,558.00000000,1.0081
1622578713876000,0,105.36813000,1.0061
1622578886554000,0,500.00000000,1.0062
1622579178929000,0,2965.00000000,1.0100
1622579178929000,0,35.00000000,1.0101
1622580358831000,0,197.25640164,1.0122
1622581721345000,0,62.26573181,1.0154
1622582468636000,1,343.25631915,1.0123
1622583047126000,1,50.00000000,1.0130
1622583309938000,1,250.00000000,1.0138
1622583537190000,1,560.00000000,1.0139
1622583629725000,1,105.23478000,1.0100
1622583629725000,1,82.35479000,1.0100
1622584102004000,0,250.00000000,1.0150
1622584698998000,1,560.00000000,1.0226
1622584735229000,0,975.82352135,1.0227
1622584777781000,1,250.00000000,1.0210
1622584960761000,0,250.00000000,1.0230
1622585737133000,0,98.50329000,1.0279
1622585737474000,0,98.50329000,1.0279
1622588235554000,1,20.00000000,1.0067
1622588235699000,1,994.00903207,1.0052
1622588235699000,1,1505.99096793,1.0046
1622588297856000,0,20.00000000,1.0076
1622588342114000,1,361.93357467,1.0057
1622588758231000,0,40.00000000,1.0156
1622589302052000,1,358.09735366,1.0174
1622589302054000,1,27.40561229,1.0174
1622589302054000,1,154.20959955,1.0174
1622589302842000,1,358.09733049,1.0171
1622589804463000,0,20.50389559,1.0191
1622590184905000,0,245.19178901,1.0200
1622590259813000,1,113.10114500,1.0189
1622591235689000,1,113.83092695,1.0264
1622591446088000,1,336.73909737,1.0245
