timestamp ms,type,amount,price
1622505760743000,0,4391.38032057,1.0250
1622506244077000,1,975.13792714,1.0246
1622506244174000,0,975.13792714,1.0246
1622506244760000,0,7766.48540112,1.0246
1622506573043000,0,546.00000000,1.0279
1622506573043000,0,555.00000000,1.0281
1622506573043000,0,560.00000000,1.0285
1622506573043000,0,542.00000000,1.0285
1622506573126000,1,40.00000000,1.0285
1622506573181000,1,560.00000000,1.0285
1622506573269000,1,9744.85371289,1.0285
1622506573675000,1,364.91066352,1.0285
1622506573827000,1,5858.65558314,1.0285
1622506885118000,0,50.00000000,1.0196
1622507980415000,1,63.11935870,1.0220
1622509511299000,0,423.26952671,1.0286
1622510395764000,1,1000.00000000,1.0200
1622511005164000,1,371.87108027,1.0047
1622511005310000,1,371.87108027,1.0047
1622511006314000,1,60.04575817,1.0047
1622511011486000,1,372.03921003,1.0047
1622511011525000,1,111.76416682,1.0047
1622511019729000,1,424.20697418,1.0047
1622511064982000,1,445.00000000,1.0000
1622511065477000,1,49.93649809,1.0000
1622511082736000,0,40.00000000,1.0021
1622511084308000,1,520.00000000,1.0021
1622511746230000,1,355.35029448,1.0050
1622511832023000,1,371.05451086,1.0012
1622511832023000,1,543.00000000,1.0008
1622511832023000,1,544.00000000,1.0006
1622511832023000,1,40.00000000,1.0004
1622511832023000,1,170.76768507,1.0004
1622512055682000,0,4700.00000000,1.0000
1622512743406000,1,359.82489062,0.9974
1622513024004000,1,349.82970546,0.9984
1622513024004000,1,419.44919741,0.9982
1622513193703000,0,361.93357467,0.9972
1622513305251000,1,40.00000000,0.9894
1622513305251000,1,149.76611424,0.9894
1622513365590000,0,38.66672000,0.9903
1622513365590000,0,153.60352464,0.9918
1622513711754000,0,40.00000000,0.9909
1622513894279000,0,372.37275137,0.9879
1622514977024000,1,96.13512232,1.0005
1622515766246000,1,285.12033442,1.0000
1622516598241000,0,328.87961284,1.0043
1622516675067000,0,49.93649809,1.0067
1622518402520000,1,363.48494491,1.0043
1622518402582000,1,363.48494491,1.0049
1622518678361000,1,552.00000000,1.0054
1622518931457000,1,38.07634000,1.0034
1622521634245000,0,445.00000000,1.0200
1622522255817000,0,1000.00000000,1.0220
1622522464531000,1,425.01473516,1.0238
1622522604131000,0,974.88193974,1.0267
1622522848357000,0,157.95916045,1.0282
1622523569527000,0,977.73385831,1.0236
1622523574498000,0,977.36858961,1.0240
1622523574498000,0,828.17985042,1.0240
1622523575124000,0,437.21296988,1.0240
1622523582494000,0,540.15561973,1.0240
1622523582494000,0,444.39129472,1.0240
1622523583030000,0,977.36858961,1.0240
1622523586493000,0,195.66163049,1.0240
1622523996553000,0,589.85305453,1.0300
1622525121953000,0,474.47763109,1.0383
1622525129833000,0,66.19487738,1.0383
1622525130364000,0,66.19487738,1.0383
1622525130825000,0,66.19487738,1.0383
1622525131469000,0,66.19487738,1.0383
1622525131883000,0,66.19487738,1.0383
1622525132389000,0,66.19487738,1.0383
1622525132908000,0,66.19487738,1.0383
1622525170375000,0,81.68899753,1.0387
1622525303500000,0,300.00000000,1.0400
1622525303500000,0,132.65457318,1.0409
1622525304053000,0,131.46555612,1.0409
1622525549187000,1,50.67000000,1.0426
1622525549444000,1,71.20000000,1.0429
1622525550469000,1,243.43000000,1.0426
1622525573024000,1,163.67501174,1.0432
1622525573276000,1,52.68611242,1.0432
1622525591862000,1,242.96000000,1.0427
1622525605046000,1,27.30000000,1.0432
1622525699427000,1,35.59449412,1.0438
1622525699494000,1,35.54550588,1.0438
1622525797071000,0,120.35533129,1.0458
1622525799473000,0,302.92671154,1.0458
1622526214619000,0,560.00000000,1.0479
1622526214619000,0,720.46660242,1.0481
1622526387203000,0,30.00000000,1.0487
1622526925749000,0,25.62794225,1.0521
1622527117987000,0,336.73909737,1.0523
1622527438429000,0,565.00000000,1.0515
1622527438429000,0,801.54875000,1.0518
1622527438429000,0,552.00000000,1.0518
1622527438429000,0,951.80106680,1.0518
1622527438524000,1,560.00000000,1.0518
1622527438568000,1,951.80106680,1.0518
1622527438646000,1,9519.83928357,1.0518
1622527439188000,1,9522.21780731,1.0518
1622527439822000,1,5313.62942652,1.0518
1622527956361000,0,857.90446846,1.0503
1622527956361000,0,2132.08417534,1.0508
1622528287236000,1,40.00000000,1.0406
1622530084376000,1,346.99869136,1.0294
1622530169107000,1,305.73871569,1.0303
1622530388398000,0,560.00000000,1.0333
1622530409869000,0,46.32189168,1.0357
1622530532014000,1,71.35000000,1.0372
1622530983877000,1,233.55000000,1.0423
1622531049285000,1,71.14000000,1.0438
1622531087583000,1,242.96000000,1.0428
1622532307972000,1,25.00000000,1.0325
1622532355526000,1,25.00000000,1.0300
1622532521064000,1,25.00000000,1.0275
1622532529269000,1,48.69521970,1.0255
1622532529269000,1,25.00000000,1.0250
1622532529269000,1,545.00000000,1.0244
1622532529269000,1,40.00000000,1.0242
1622532529269000,1,353.80780333,1.0241
1622532529269000,1,975.49185554,1.0240
1622532529269000,1,222.65312143,1.0239
1622532825697000,0,550.00000000,1.0239
1622532883733000,1,25.00000000,1.0225
1622533557749000,0,42.38979090,1.0245
1622533752221000,0,31.79234317,1.0267
1622533876169000,0,250.00000000,1.0274
1622534109747000,0,43.84425738,1.0280
1622534447053000,0,42.88319303,1.0314
1622534535711000,0,48.69521970,1.0334
1622534743586000,1,40.00000000,1.0250
1622534744117000,1,250.00000000,1.0250
1622534800072000,1,250.00000000,1.0225
1622534863773000,1,25.00000000,1.0200
1622534863773000,1,250.00000000,1.0200
1622535050545000,1,25.00000000,1.0175
1622535060142000,1,25.00000000,1.0150
1622535073330000,1,25.00000000,1.0125
1622535113089000,1,25.00000000,1.0100
1622535208655000,0,39.99999999,1.0073
1622535208655000,0,0.00000001,1.0073
1622535423854000,1,8370.00000000,1.0067
1622535424352000,1,40.00000000,1.0061
1622535439191000,1,360.64180861,1.0010
1622535439194000,1,204.35819139,1.0010
1622535439194000,1,156.28361722,1.0008
1622535442292000,1,360.37753742,1.0006
1622535487276000,1,349.50208426,0.9970
1622535511240000,0,40.00000000,0.9997
1622535660326000,0,250.00000000,1.0041
1622535904056000,1,736.63111519,1.0010
1622535980186000,1,250.00000000,1.0025
1622536126488000,1,250.00000000,1.0000
1622536287294000,0,560.00000000,0.9990
1622536287305000,1,87.20430634,0.9988
1622536287338000,1,361.64319037,0.9988
1622536287340000,1,90.86612740,0.9988
1622536287382000,1,1722.51137589,0.9988
1622536288994000,1,250.00000000,0.9975
1622536301231000,1,25.62794225,0.9963
1622536307487000,1,340.56574936,0.9955
1622536307829000,1,0.17037265,0.9955
1622536309957000,1,250.00000000,0.9950
1622536405706000,0,40.00000000,0.9959
1622537040180000,1,151.73298105,0.9941
1622537041716000,1,40.00000000,0.9941
1622537060182000,1,250.00000000,0.9925
1622537093890000,1,100.00000000,0.9924
1622537106533000,1,100.00000000,0.9936
1622537555445000,0,1220.51990091,1.0022
1622538082963000,0,77.09686349,1.0078
1622538149228000,1,134.68827672,1.0078
1622538194458000,1,39.99999999,1.0093
1622538421193000,0,168.31781126,1.0103
1622539414212000,1,358.41185542,1.0078
1622539414303000,1,8551.58814458,1.0078
1622539451931000,1,358.17915947,1.0048
1622539751825000,1,1000.00136661,0.9994
1622539751825000,1,554.00000000,0.9993
1622539751825000,1,570.00000000,0.9993
1622539751923000,0,539.00000000,0.9990
1622539751927000,0,560.00000000,0.9990
1622539752025000,0,559.00000000,0.9990
1622539752087000,0,9998.18338488,0.9990
1622539752686000,0,999.81833849,0.9990
1622539752690000,0,3991.41686957,0.9990
1622539789760000,0,1001.88931084,0.9988
1622539789760000,0,993.43461706,0.9989
1622540010727000,1,354.52757185,0.9939
1622540257698000,0,112.21187418,1.0018
1622540702039000,0,1318.97101390,0.9990
1622541172730000,1,570.00000000,1.0017
1622541312240000,0,581.00000000,1.0020
1622541428801000,0,551.00000000,1.0018
1622541428801000,0,999.19903920,1.0018
1622541611804000,1,201.37619951,1.0036
1622541702132000,0,561.00000000,1.0052
1622541705166000,0,301.94770984,1.0049
1622541983614000,0,539.00000000,1.0069
1622543213742000,0,177.79731017,1.0243
1622543913607000,0,725.06768097,1.0319
1622543937203000,1,349.05933442,1.0295
1622544153948000,0,6720.00000000,1.0348
1622544834677000,1,34.46774783,1.0275
1622544834677000,1,89.61762283,1.0275
1622544834677000,1,238.44846982,1.0275
1622545291252000,0,952.29855964,1.0268
1622545326972000,1,80.78162600,1.0250
1622545649483000,0,43.47149456,1.0261
1622546661576000,1,43.47149456,1.0314
1622546675371000,1,26.50000000,1.0324
1622547234622000,1,71.39000000,1.0360
1622547269728000,1,244.62000000,1.0368
1622547486204000,1,244.38000000,1.0370
1622547862585000,1,340.21952637,1.0349
1622548348770000,1,121.96000000,1.0378
1622549433720000,1,40.00000000,1.0191
1622549433720000,1,54.25713793,1.0190
1622549433720000,1,325.74286207,1.0190
1622549720233000,1,60.00000000,1.0131
1622549896740000,0,560.00000000,1.0193
1622549896922000,0,4441.86610000,1.0193
1622550101538000,1,980.10608363,1.0194
1622550101538000,1,569.00000000,1.0191
1622550101656000,0,980.10608363,1.0190
1622550101663000,0,4384.46794018,1.0190
1622550351249000,1,331.37295882,1.0199
1622550351249000,1,31.16088167,1.0198
1622550556809000,1,5717.05200000,1.0137
1622550557317000,1,6535.54440000,1.0133
1622550890540000,0,108.19320530,1.0209
1622551220703000,0,43.06228904,1.0162
1622551254232000,0,452.19227246,1.0153
1622552943253000,1,868.47805666,0.9931
1622552944223000,1,117.52801197,0.9923
1622552945122000,1,1006.21500573,0.9924
1622552945122000,1,2396.82519951,0.9923
1622552945122000,1,2978.95979476,0.9920
1622552969655000,0,548.00000000,0.9928
1622552987568000,0,555.00000000,0.9929
1622553178229000,0,149.13087579,0.9922
1622553993142000,0,7937.40513584,1.0018
1622554205767000,0,985.83923694,1.0157
1622554205767000,0,350.45699698,1.0157
1622554205767000,0,242.23547808,1.0161
1622554297365000,1,40.00000000,1.0216
1622554297365000,1,320.56671992,1.0216
1622554391644000,0,40.00000000,1.0259
1622554391644000,0,400.99557909,1.0269
1622554754933000,0,2999.76836447,1.0199
1622554766891000,0,40.00000000,1.0228
1622554895056000,1,40.00000000,1.0315
1622554966275000,1,245.34000000,1.0359
1622555001532000,1,233.99000000,1.0346
1622555071817000,1,71.41000000,1.0350
1622555116197000,0,966.92213599,1.0356
1622555116197000,0,2415.19553357,1.0368
1622555116197000,0,3380.82087431,1.0379
1622555116197000,0,7080.00000000,1.0382
1622555116197000,0,9665.59517636,1.0385
1622555116197000,0,4830.18248230,1.0387
1622555116197000,0,331.02490385,1.0401
1622555116197000,0,351.44235115,1.0412
1622555116197000,0,350.84706309,1.0427
1622555116197000,0,2977.00000000,1.0439
1622555116197000,0,25000.00000000,1.0439
1622555116197000,0,22.13179719,1.0500
1622555116197000,0,9143.24836611,1.0500
1622555116197000,0,25.62794225,1.0521
1622555116197000,0,6130.06443919,1.0546
1622555116596000,1,40.00000000,1.0334
1622555118426000,1,244.86000000,1.0327
1622555144037000,0,55.07072092,1.0356
1622555311956000,0,40.00000000,1.0329
1622555344447000,1,40.00000000,1.0331
1622555953290000,0,824.60866858,1.0334
1622556254240000,1,325.90818178,1.0353
1622557333267000,0,40.00000000,1.0211
1622557808882000,1,40.00000000,1.0208
1622557845440000,0,40.00000000,1.0221
1622558969237000,1,356.52891161,1.0227
1622559151991000,1,526.14080633,1.0152
1622559317617000,1,40.00000000,1.0120
1622559430832000,1,987.84553576,1.0115
1622559430832000,1,582.00000000,1.0113
1622559430832000,1,2469.88518231,1.0112
1622559430832000,1,251.96808242,1.0103
1622559430832000,1,630.10619688,1.0103
1622559430832000,1,3459.29225596,1.0103
1622559430832000,1,2262.22500000,1.0102
1622559430832000,1,4939.77036461,1.0102
1622559430832000,1,872.00000000,1.0095
1622559430832000,1,629.98148656,1.0095
1622559430832000,1,349.89474725,1.0095
1622559430832000,1,40.00000000,1.0086
1622559430832000,1,9889.21037466,1.0086
1622559430832000,1,339.03033483,1.0085
1622559430832000,1,2977.00000000,1.0079
1622559430832000,1,353.44808558,1.0070
1622559430832000,1,25000.00000000,1.0059
1622559430832000,1,120.60997699,1.0038
1622559430832000,1,16515.83544155,1.0032
1622559431006000,1,557.00000000,1.0117
1622559431006000,1,560.00000000,1.0091
1622559431006000,1,434.52779592,1.0032
1622559431006000,1,1438.46084788,1.0032
1622559441409000,0,40.00000000,1.0139
1622560245102000,0,144.09982707,1.0022
1622560357713000,1,40.00000000,1.0033
1622560612414000,0,2977.00000000,1.0068
1622560715350000,1,106.66216604,1.0058
1622560907905000,0,137.76185097,1.0092
1622561730799000,1,20.33671388,1.0078
1622561778709000,1,40.00000000,1.0055
1622561779334000,1,40.00000000,1.0048
1622561779334000,1,44.66746612,1.0048
1622561886061000,0,40.00000000,1.0096
1622562181008000,0,97.86713724,1.0139
1622562461373000,1,62.43558215,1.0117
1622562461373000,1,62.43558215,1.0117
1622562461398000,1,62.43558216,1.0117
1622562550820000,1,63.11935871,1.0117
1622563199380000,0,583.00000000,1.0208
1622563219350000,1,40.00000000,1.0195
1622563934722000,0,881.00000000,1.0162
1622564016376000,0,881.00000000,1.0177
1622564016487000,0,560.00000000,1.0182
1622564017378000,0,120.60997699,1.0208
1622564024585000,1,39.99999999,1.0191
1622565093483000,1,91.11428156,1.0149
1622565093491000,1,85.30810699,1.0149
1622565094567000,1,39.99999999,1.0142
1622565094580000,1,0.00000001,1.0142
1622566228147000,1,356.87468033,1.0056
1622566241003000,1,344.97482645,1.0037
1622566644701000,0,600.00000000,1.0029
1622567053563000,1,348.59799965,1.0056
1622568710323000,1,520.20586147,1.0084
1622568769906000,1,375.50229257,1.0085
1622569549400000,0,680.07841673,1.0176
1622570383914000,0,89.90000292,1.0250
1622570482710000,1,113.83092694,1.0224
1622572032913000,1,325.61349351,1.0236
1622572218329000,0,881.00000000,1.0213
1622573849732000,1,680.07841673,1.0181
1622574436039000,0,321.02573064,1.0108
1622574436177000,1,559.00000000,1.0097
1622574436177000,1,3851.14300000,1.0092
1622574436177000,1,990.14122809,1.0092
1622574436177000,1,564.00000000,1.0091
1622574436177000,1,3178.96413802,1.0087
1622574993016000,1,242.73004992,1.0083
1622575744164000,1,59.47717999,1.0100
1622575744352000,1,0.00000001,1.0100
1622576358871000,1,560.00000000,1.0047
1622576358979000,1,357.95564799,1.0047
1622576359027000,1,357.95564799,1.0047
1622576359066000,1,357.95564799,1.0047
1622576359097000,1,1062.60357400,1.0047
1622576435175000,0,305.78400947,1.0071
1622576478305000,0,178.03697000,1.0055
1622576906664000,0,495.35617852,1.0074
1622577304555000,1,355.39640129,1.0033
1622577776446000,0,580.00000000,1.0142
1622577776446000,0,562.00000000,1.0145
1622577776446000,0,966.35617436,1.0147
1622577776446000,0,391.64382564,1.0147
1622577953903000,1,343.91540380,1.0111
1622578007201000,1,178.59872000,1.0100
1622578517568000,1,40.00000000,1.0071
1622578517568000,1,324.89510747,1.0071
1622578517568000,1,549.00000000,1.0068
1622578517568000,1,2571.17559562,1.0066
1622578517570000,1,995.60599427,1.0066
1622578517572000,1,284.36141011,1.0066
1622578517572000,1,357.55938586,1.0066
1622578517572000,1,539.00000000,1.0066
1622578517666000,0,560.00000000,1.0059
1622578539408000,0,881.00000000,1.0081
1622578539408000,0,558.00000000,1.0081
1622578713876000,0,105.36813000,1.0061
1622578886554000,0,500.00000000,1.0062
1622579178929000,0,2965.00000000,1.0100
1622579178929000,0,35.00000000,1.0101
1622580358831000,0,197.25640164,1.0122
1622581721345000,0,62.26573181,1.0154
1622582468636000,1,343.25631915,1.0123
1622583047126000,1,50.00000000,1.0130
1622583309938000,1,250.00000000,1.0138
1622583537190000,1,560.00000000,1.0139
1622583629725000,1,105.23478000,1.0100
1622583629725000,1,82.35479000,1.0100
1622584102004000,0,250.00000000,1.0150
1622584698998000,1,560.00000000,1.0226
1622584735229000,0,975.82352135,1.0227
1622584777781000,1,250.00000000,1.0210
1622584960761000,0,250.00000000,1.0230
1622585737133000,0,98.50329000,1.0279
1622585737474000,0,98.50329000,1.0279
1622588235554000,1,20.00000000,1.0067
1622588235699000,1,994.00903207,1.0052
1622588235699000,1,1505.99096793,1.0046
1622588297856000,0,20.00000000,1.0076
1622588342114000,1,361.93357467,1.0057
1622588758231000,0,40.00000000,1.0156
1622589302052000,1,358.09735366,1.0174
1622589302054000,1,27.40561229,1.0174
1622589302054000,1,154.20959955,1.0174
1622589302842000,1,358.09733049,1.0171
1622589804463000,0,20.50389559,1.0191
1622590184905000,0,245.19178901,1.0200
1622590259813000,1,113.10114500,1.0189
1622591235689000,1,113.83092695,1.0264
1622591446088000,1,336.73909737,1.0245
1622592005945000,0,40.00000000,1.0266
1622592595581000,0,560.00000000,1.0330
1622592595637000,0,354.61324909,1.0330
1622592595661000,0,354.61324909,1.0330
1622592761335000,0,103.00000000,1.0500
1622592854005000,0,40.00000000,1.0600
1622592892541000,1,239.93000000,1.0728
1622592899754000,0,56.88847458,1.0801
1622592899755000,0,339.94941228,1.0801
1622592907971000,1,40.00000000,1.0696
1622592919685000,0,80.00000000,1.0631
1622592919722000,0,168.70724850,1.0638
1622592980798000,0,40.00000000,1.0570
1622593108439000,0,40.00000000,1.0603
1622593123165000,1,40.00000000,1.0616
1622593225160000,1,239.47000000,1.0602
1622593266076000,0,40.00000000,1.0581
1622593314075000,0,39.99999999,1.0599
1622593314092000,0,0.00000001,1.0599
1622593339950000,0,40.00000000,1.0638
1622593340441000,0,1800.00000000,1.0659
1622593352557000,1,70.59000000,1.0704
1622593378389000,1,40.00000000,1.0781
1622593393712000,0,40.00000000,1.0768
1622593400758000,1,40.00000000,1.0720
1622593400998000,1,237.65000000,1.0695
1622593433486000,1,70.50000000,1.0686
1622593467806000,1,237.65000000,1.0713
1622593476965000,0,555.00000000,1.0719
1622593476965000,0,139.16648633,1.0721
1622593496609000,1,347.08324316,1.0712
1622593503085000,1,237.19000000,1.0708
1622593532708000,1,173.54162158,1.0699
1622593537653000,1,236.97000000,1.0705
1622593551884000,0,320.13571455,1.0728
1622593558113000,0,40.00000000,1.0732
1622593578904000,1,236.97000000,1.0766
1622593586467000,1,337.11151201,1.0743
1622593587055000,1,337.16222438,1.0743
1622593587061000,1,255.02416527,1.0743
1622593596723000,1,173.54162159,1.0733
1622593604532000,1,236.52000000,1.0731
1622593668694000,0,40.00000000,1.0840
1622593688763000,0,40.00000000,1.0899
1622593688763000,0,58.76400598,1.0900
1622593748346000,0,24.51168352,1.1000
1622593748346000,0,50.51810771,1.1000
1622593749396000,0,40.00000000,1.0998
1622593756270000,0,553.00000000,1.1115
1622593756270000,0,1098.68664680,1.1118
1622593756270000,0,119.64449573,1.1119
1622593763817000,1,327.78603644,1.1045
1622593763945000,1,40.00000000,1.1040
1622593803395000,1,39.99999999,1.1036
1622593803597000,1,0.00000001,1.1036
1622593803597000,1,328.59163779,1.1030
1622593808048000,1,200.00200000,1.0967
1622593826045000,0,433.44133743,1.1012
1622593833056000,0,39.99800000,1.0989
1622593833056000,0,290.51904864,1.0992
1622593834059000,0,554.00000000,1.0983
1622593835394000,0,329.71255515,1.1035
1622593835774000,0,144.02038580,1.1035
1622593852179000,1,40.00000000,1.1053
1622593915628000,0,575.00000000,1.0984
1622593915628000,0,547.00000000,1.0988
1622593915628000,0,357.82732537,1.0989
1622593915628000,0,762.70251000,1.0989
1622593915628000,0,0.83870247,1.0994
1622593921171000,1,331.49261020,1.0943
1622593938628000,1,40.00000000,1.0986
1622593941419000,1,40.00000000,1.0969
1622593941419000,1,290.51020278,1.0967
1622593941613000,1,330.53846784,1.0967
1622593941785000,1,289.56810490,1.0967
1622593945467000,0,40.00000000,1.0985
1622593968661000,0,40.00000000,1.0998
1622594011804000,0,396.23772288,1.1072
1622594100611000,0,108.02144708,1.1200
1622594102521000,0,323.15060523,1.1318
1622594102628000,0,72.58392692,1.1318
1622594102788000,0,321.00000000,1.1321
1622594102788000,0,9368.64810923,1.1323
1622594106418000,1,40.00000000,1.1313
1622594106510000,1,79.99999998,1.1199
1622594113096000,0,40.00000000,1.1320
1622594117521000,0,40.00000000,1.1375
1622594173053000,1,40.00000000,1.1429
1622594173807000,1,318.23131958,1.1421
1622594173826000,1,193.98216691,1.1421
1622594175580000,1,40.00000000,1.1397
1622594192217000,1,194.98490623,1.1331
1622594192219000,1,320.62884354,1.1331
1622594192470000,1,58.38625023,1.1331
1622594217115000,0,80.00000000,1.1422
1622594217343000,0,20.00000000,1.1500
1622594217343000,0,22.20049911,1.1501
1622594225735000,1,40.00000000,1.1484
1622594227680000,0,520.00000000,1.1484
1622594266829000,0,40.00000000,1.1510
1622594266829000,0,520.00000000,1.1510
1622594266878000,0,350.32000000,1.1510
1622594276759000,0,380.53892232,1.1635
1622594276759000,0,108.07280769,1.1636
1622594276854000,1,71.35256901,1.1636
1622594276956000,1,0.03570098,1.1636
1622594277066000,0,160.39744501,1.1636
1622594282655000,1,40.00000000,1.1603
1622594283598000,1,40.00000000,1.1587
1622594283598000,1,10.00000000,1.1565
1622594284583000,1,313.57812203,1.1571
1622594335262000,0,40.00000000,1.1508
1622594349132000,0,40.00000000,1.1508
1622594355563000,1,40.00000000,1.1465
1622594355563000,1,870.34894242,1.1463
1622594355563000,1,311.35187571,1.1462
1622594355563000,1,309.80190910,1.1462
1622594355563000,1,151.02367615,1.1455
1622594359848000,0,40.00000000,1.1502
1622594371768000,0,658.92298585,1.1546
1622594412644000,0,185.96057034,1.1726
1622594412659000,0,311.28959135,1.1726
1622594412691000,0,311.28959135,1.1732
1622594412691000,0,64.60280065,1.1732
1622594412691000,0,158.10386651,1.1738
1622594412691000,0,88.58292419,1.1740
1622594412697000,0,311.28959135,1.1740
1622594412789000,0,310.66197682,1.1740
1622594412794000,0,310.59623835,1.1740
1622594413487000,0,310.66464158,1.1740
1622594413505000,0,310.66464158,1.1740
1622594413636000,0,310.66464158,1.1740
1622594415032000,0,310.62686318,1.1740
1622594415865000,0,310.27459827,1.1740
1622594415866000,0,310.27459827,1.1740
1622594415867000,0,310.27459827,1.1740
1622594415868000,0,310.27459827,1.1740
1622594415878000,0,203.79150000,1.1740
1622594415902000,0,285.46742780,1.1740
1622594415986000,0,5.89116049,1.1740
1622594430216000,0,208.76437003,1.1733
1622594453352000,0,502.42877671,1.1765
1622594453352000,0,574.00000000,1.1767
1622594453352000,0,543.00000000,1.1770
1622594453352000,0,549.00000000,1.1772
1622594461890000,0,40.00000000,1.1746
1622594461890000,0,281.00991083,1.1746
1622594461890000,0,251.21438835,1.1750
1622594461890000,0,290.14970617,1.1750
1622594461890000,0,13.28599465,1.1750
1622594463512000,1,40.00000000,1.1696
1622594463512000,1,270.69483848,1.1689
1622594463526000,1,275.30516152,1.1689
1622594463526000,1,35.38967696,1.1683
1622594463620000,1,310.80612392,1.1650
1622594464214000,1,40.00000000,1.1683
1622594465327000,1,131.29061406,1.1619
1622594465426000,1,312.08313324,1.1619
1622594465812000,1,312.50025740,1.1616
1622594465857000,1,248.49974260,1.1616
1622594465857000,1,64.00051480,1.1613
1622594467322000,1,312.65182698,1.1619
1622594467341000,1,270.34817302,1.1619
1622594467556000,1,40.00000000,1.1616
1622594467556000,1,99.18926315,1.1616
1622594470257000,1,200.00200000,1.1591
1622594478306000,0,54.03640384,1.1622
1622594481617000,1,40.00000000,1.1574
1622594507690000,1,40.00000000,1.1609
1622594507690000,1,2.53057667,1.1605
1622594546304000,0,229.59347788,1.1643
1622594553700000,0,114.79673894,1.1669
1622594556265000,0,310.41215997,1.1775
1622594556312000,0,250.58784003,1.1775
1622594556342000,0,310.41215997,1.1778
1622594563036000,1,40.00000000,1.1765
1622594563036000,1,269.10337580,1.1754
1622594563083000,1,298.89662420,1.1754
1622594626247000,0,131.84894512,1.1712
1622594628770000,0,40.00000000,1.1732
1622594648052000,1,40.00000000,1.1628
1622594648052000,1,272.64435616,1.1603
1622594650806000,0,547.00000000,1.1608
1622594650806000,0,82.10594902,1.1610
1622594657055000,0,315.51718164,1.1568
1622594657646000,0,40.00000000,1.1574
1622594657646000,0,577.00000000,1.1588
1622594669103000,1,222.22000000,1.1548
1622594702568000,0,40.00000000,1.1544
1622594703297000,1,221.83000000,1.1509
1622594733862000,1,40.00000000,1.1583
1622594736758000,1,40.00000000,1.1560
1622594737484000,1,40.00000000,1.1558
1622594737484000,1,257.22417747,1.1556
1622594737650000,1,165.82644608,1.1556
1622594739410000,1,219.69000000,1.1562
1622594745672000,1,35.64455899,1.1543
1622594745913000,1,315.33090202,1.1543
1622594746551000,1,290.52827920,1.1514
1622594746586000,1,315.93346897,1.1506
1622594746590000,1,315.93346897,1.1506
1622594746700000,1,112.78482217,1.1502
1622594750873000,1,200.00200000,1.1488
1622594773865000,1,219.69000000,1.1488
1622594789568000,0,73.82167500,1.1540
1622594809053000,1,221.83000000,1.1545
1622594840744000,1,220.07000000,1.1530
1622594875750000,1,220.07000000,1.1686
1622594882145000,1,40.00000000,1.1664
1622594934192000,1,36.68815836,1.1592
1622594935580000,1,218.53000000,1.1586
1622594956613000,0,40.00000000,1.1519
1622594983485000,0,39.99800000,1.1523
1622594983570000,0,725.56403000,1.1557
1622594983627000,0,316.84057190,1.1565
1622594983629000,0,316.86592826,1.1565
1622594996024000,1,221.24000000,1.1542
1622595008582000,1,40.00000000,1.1531
1622595009325000,1,297.32096614,1.1459
1622595009325000,1,303.82252798,1.1459
1622595009325000,1,30.68111226,1.1441
1622595009429000,1,316.01661402,1.1420
1622595009429000,1,315.80799236,1.1385
1622595059180000,0,40.00000000,1.1340
1622595064661000,0,40.00000000,1.1357
1622595084488000,1,40.00000000,1.1351
1622595086127000,1,223.01000000,1.1332
1622595086478000,0,520.00000000,1.1351
1622595089110000,0,40.00000000,1.1378
1622595144232000,1,76.55230839,1.1370
1622595255898000,1,68.24000000,1.1371
1622595302989000,1,223.62000000,1.1369
1622595342866000,1,223.01000000,1.1387
1622595365811000,1,162.21011946,1.1384
1622595377958000,1,223.01000000,1.1317
1622595385303000,1,39.99999999,1.1313
1622595385321000,1,0.00000001,1.1313
1622595393543000,1,222.81000000,1.1256
1622595402756000,1,40.00000000,1.1237
1622595502172000,0,40.00000000,1.1247
1622595502172000,0,282.03995816,1.1256
1622595502175000,0,283.96004184,1.1256
1622595508895000,1,39.99999999,1.1290
1622595508903000,1,0.00000001,1.1290
1622595611008000,1,190.01761698,1.1425
1622595616914000,0,108.07280769,1.1442
1622595634821000,1,39.99999999,1.1399
1622595660440000,1,39.99999999,1.1345
1622595701699000,0,40.00000000,1.1323
1622595745840000,1,39.99999999,1.1279
1622595745841000,1,0.00000001,1.1279
1622595855171000,0,40.00000000,1.1275
1622595968478000,1,522.00000000,1.1139
1622595968478000,1,601.00000000,1.1136
1622595968478000,1,300.56073694,1.1135
1622595968478000,1,301.19387180,1.1133
1622595968478000,1,485.89339126,1.1130
1622596140310000,1,560.84213446,1.1048
1622596392607000,0,40.00000000,1.1095
1622596509309000,0,36.57999999,1.1158
1622596509420000,0,0.00000001,1.1158
1622596621051000,1,39.99999999,1.1078
1622596621052000,1,0.00000001,1.1078
1622596622271000,1,325.07561191,1.1070
1622597126236000,1,40.00000000,1.1084
1622597173714000,0,4691.79444587,1.1059
1622597191198000,0,40.00000000,1.1074
1622597255814000,0,133.41688746,1.1221
1622597255824000,0,322.25395295,1.1221
1622597255828000,0,322.25395295,1.1221
1622597255836000,0,103.07520664,1.1221
1622597255840000,0,322.25395295,1.1229
1622597255845000,0,322.25395295,1.1229
1622597259255000,1,40.00000000,1.1306
1622597259255000,1,37.68453904,1.1275
1622597259301000,1,318.66402746,1.1291
1622597259304000,1,286.33597254,1.1291
1622597259435000,1,37.68453904,1.1171
1622597279210000,1,40.00000000,1.1307
1622597292640000,0,40.00000000,1.1289
1622597293090000,0,40.00000000,1.1305
1622597311839000,0,171.50522169,1.1368
1622597437362000,1,40.00000000,1.1245
1622597437977000,1,40.00000000,1.1221
1622597437999000,1,37.46649926,1.1210
1622597443607000,0,40.00000000,1.1200
1622597444847000,1,450.05000000,1.1164
1622597458619000,0,542.00000000,1.1212
1622597458619000,0,555.00000000,1.1215
1622597458619000,0,40.00000000,1.1218
1622597458619000,0,34.00000000,1.1224
1622597459677000,1,450.05000000,1.1176
1622597461115000,0,568.00000000,1.1220
1622597461115000,0,542.00000000,1.1224
1622597461115000,0,293.04940788,1.1226
1622597552419000,0,1318.97101391,1.1200
1622597680700000,0,27.01820192,1.1302
1622597684137000,0,319.51577509,1.1339
1622597684174000,0,319.51577509,1.1339
1622597684203000,0,111.53628982,1.1339
1622597684203000,0,207.97948527,1.1346
1622597684215000,0,33.71738237,1.1346
1622597684387000,0,94.56370672,1.1366
1622597684521000,0,316.07688235,1.1449
1622597684521000,0,310.54971056,1.1449
1622597684521000,0,18.45146151,1.1449
1622597687037000,1,40.00000000,1.1381
1622597687576000,1,317.34607414,1.1352
1622597687593000,1,263.65392586,1.1352
1622597687775000,1,40.00000000,1.1352
1622597687775000,1,277.42680370,1.1352
1622597693289000,1,476.92801931,1.1346
1622597698203000,0,40.00000000,1.1356
1622597704181000,0,39.99999999,1.1422
1622597704187000,0,0.00000001,1.1422
1622597707217000,1,40.00000000,1.1419
1622597729263000,0,40.00000000,1.1433
1622597729263000,0,276.26598730,1.1437
1622597735476000,1,40.00000000,1.1430
1622597761996000,0,40.00000000,1.1490
1622597761996000,0,510.00000000,1.1494
1622597762093000,1,560.00000000,1.1506
1622597774849000,1,222.62000000,1.1492
1622597775812000,1,314.04420642,1.1499
1622597775826000,1,314.04420642,1.1499
1622597775827000,1,102.42894716,1.1499
1622597775827000,1,40.00000000,1.1492
1622597775827000,1,171.61525926,1.1486
1622597775830000,1,314.04420642,1.1486
1622597775840000,1,314.04420642,1.1486
1622597775847000,1,68.71523588,1.1486
1622597775847000,1,245.32897054,1.1474
1622597775917000,1,627.63738394,1.1401
1622597799113000,1,222.62000000,1.1371
1622598364772000,0,561.00000000,1.1303
1622598365170000,1,6847.76073858,1.1303
1622598404785000,1,305.76357882,1.1305
1622598640368000,1,39.95200000,1.1316
1622598756932000,1,552.00000000,1.1330
1622598756932000,1,880.98720921,1.1324
1622598756932000,1,563.00000000,1.1324
1622598756932000,1,571.00000000,1.1324
1622598756932000,1,553.00000000,1.1324
1622598756932000,1,40.00000000,1.1319
1622598756932000,1,4111.26252329,1.1319
1622598861174000,0,629.10594902,1.1359
1622598917713000,0,38.91436536,1.1407
1622599025107000,0,40.00000000,1.1440
1622599049784000,0,72.96328343,1.1456
1622599049784000,0,9.55292215,1.1456
1622599113298000,1,39.99999999,1.1364
1622599200416000,1,40.00000000,1.1369
1622599212815000,0,40.00000000,1.1388
1622599212815000,0,279.10507858,1.1394
1622599212860000,0,319.10507858,1.1394
1622599212895000,0,319.01926672,1.1449
1622599212976000,0,316.13560632,1.1424
1622599212977000,0,319.00599678,1.1424
1622599213987000,0,280.32800671,1.1452
1622599239488000,1,39.99999999,1.1438
1622599239489000,1,0.00000001,1.1438
1622599304862000,0,40.00000000,1.1488
1622599440968000,0,80.00000000,1.1500
1622599587682000,1,220.07000000,1.1595
1622599601258000,1,439.75000000,1.1602
1622599617587000,1,219.10000000,1.1607
1622599632183000,1,219.10000000,1.1595
1622599652615000,1,218.72000000,1.1596
1622599672113000,1,218.72000000,1.1582
1622599687673000,1,219.49000000,1.1576
1622599707211000,1,219.10000000,1.1612
1622599717590000,1,219.10000000,1.1631
1622599719611000,1,312.01910404,1.1636
1622599719612000,1,312.01910404,1.1636
1622599719614000,1,234.46222978,1.1636
1622599719709000,1,40.00000000,1.1634
1622599752759000,1,219.69000000,1.1599
1622600224514000,0,162.21011946,1.1717
1622600275508000,0,512.21348649,1.1743
1622600288594000,0,40.00000000,1.1771
1622600310614000,0,40.00000000,1.1857
1622600310614000,0,266.81094459,1.1869
1622600321864000,1,40.00000000,1.1881
1622600349044000,1,40.00000000,1.1874
1622600349044000,1,265.61224404,1.1874
1622600383925000,0,38.07811000,1.1897
1622600383925000,0,40.00000000,1.1898
1622600383925000,0,509.39031351,1.1898
1622600398448000,1,8442.60130453,1.1864
1622600398564000,1,306.35103231,1.1824
1622600398565000,1,306.35103231,1.1824
1622600398568000,1,268.29793538,1.1824
1622600398568000,1,38.05309693,1.1806
1622600398867000,1,40.00000000,1.1806
1622600398867000,1,267.34412689,1.1806
1622600398873000,1,307.34412689,1.1806
1622600399688000,1,306.35100745,1.1799
1622600642479000,0,40.00000000,1.1824
1622600649926000,1,40.00000000,1.1802
1622600978148000,1,556.00000000,1.1696
1622600978148000,1,854.23653436,1.1693
1622600978148000,1,553.00000000,1.1693
1622600978148000,1,247.41146564,1.1693
1622600978653000,1,854.23653436,1.1693
1622600978653000,1,316.80419345,1.1693
1622601028778000,1,587.46842351,1.1678
1622601031849000,0,311.94570890,1.1717
1622601031854000,0,311.94570890,1.1717
1622601053447000,1,40.00000000,1.1712
1622601053447000,1,566.00000000,1.1701
1622601053447000,1,293.41000437,1.1698
1622601053447000,1,299.34802178,1.1697
1622601053447000,1,1006.01445381,1.1696
1622601220756000,1,80.03392863,1.1792
1622601505013000,0,40.00000000,1.1790
1622601620238000,0,577.00000000,1.1949
1622601620238000,0,838.07329735,1.1955
1622601620238000,0,298.08070001,1.1956
1622601633462000,1,40.00000000,1.1930
1622601633462000,1,35.61206202,1.1929
1622601853829000,1,307.52326145,1.1833
1622601988766000,1,307.68747494,1.1835
1622602037119000,1,308.70298424,1.1789
1622602242211000,1,67.15000000,1.1717
1622602436868000,1,304.83799322,1.1719
1622602436868000,1,695.16200678,1.1709
1622602561194000,0,84.41002877,1.1782
1622602694964000,1,40.00000000,1.1633
1622602710515000,1,40.00000000,1.1592
1622602740415000,0,40.00000000,1.1613
1622602775235000,1,40.00000000,1.1597
1622602789888000,0,314.22571178,1.1561
1622603102752000,1,300.17788882,1.1594
1622603237377000,1,40.00000000,1.1625
1622603256867000,0,429.91893241,1.1615
1622603440150000,0,40.00000000,1.1648
1622603677628000,1,107.47973310,1.1547
1622603832319000,1,40.00000000,1.1483
1622603832717000,1,310.15964700,1.1464
1622603832717000,1,185.09491450,1.1458
1622603863752000,1,337.00000000,1.1450
1622604055972000,1,40.00000000,1.1437
1622604183692000,1,40.00000000,1.1382
1622604210307000,1,322.43919931,1.1358
1622604260046000,1,878.15007015,1.1372
1622604260046000,1,577.00000000,1.1363
1622604260046000,1,258.00392721,1.1359
1622604574642000,0,75.61300000,1.1409
1622604574642000,0,549.00000000,1.1409
1622604575020000,0,319.54173414,1.1456
1622604575025000,0,319.54173414,1.1456
1622604575037000,0,319.54173414,1.1456
1622604575109000,0,42.79789716,1.1456
1622604575240000,0,659.91000000,1.1455
1622604575256000,0,319.01022893,1.1455
1622604614861000,1,40.00000000,1.1487
1622604755027000,0,550.00000000,1.1473
1622605157030000,0,318.28639573,1.1437
1622605181697000,0,308.22386551,1.1449
1622605264932000,0,315.63190052,1.1473
1622605296805000,0,118.70688799,1.1482
1622605447907000,1,22.00000000,1.1400
1622605448394000,1,543.00000000,1.1394
1622605693834000,0,539.00000000,1.1369
1622605698811000,0,562.00000000,1.1380
1622606624786000,1,878.99068828,1.1364
1622606624786000,1,312.01727689,1.1363
1622606624786000,1,551.00000000,1.1361
1622606624786000,1,386.26327275,1.1361
1622606668381000,1,49.00757920,1.1345
1622607385435000,1,40.00000000,1.1351
1622607769224000,1,20.00000000,1.1328
1622608684578000,0,56.69044112,1.1271
1622609011981000,1,250.00000000,1.1200
1622609672298000,0,321.09515455,1.1336
1622611818644000,1,319.59437131,1.1260
1622611818644000,1,582.00000000,1.1259
1622611818644000,1,2218.33812657,1.1258
1622611818644000,1,572.00000000,1.1256
1622611818644000,1,304.14950623,1.1251
1622611818644000,1,40.00000000,1.1249
1622611818644000,1,3851.14300000,1.1249
1622611818644000,1,5860.37972069,1.1244
1622612296205000,0,324.88300175,1.1260
1622613068261000,0,314.50993792,1.1369
1622616104143000,0,1123.00957784,1.1297
1622616121482000,1,39.95281000,1.1282
1622616121482000,1,83.05676784,1.1282
1622616476749000,0,250.00000000,1.1300
1622617401245000,0,575.00000000,1.1321
1622617401245000,0,306.12459375,1.1323
1622617703455000,1,40.00000000,1.1175
1622617731604000,0,40.00000000,1.1164
1622618629296000,1,322.78656319,1.1210
1622618630161000,0,102.80255277,1.1210
1622619069933000,0,325.20475330,1.1258
1622619563626000,0,175.97583841,1.1253
1622619563672000,0,1085.35195413,1.1253
1622619563674000,0,562.00000000,1.1254
1622619563674000,0,88.06825716,1.1259
1622619564773000,1,175.97583841,1.1253
1622619918987000,1,888.21504814,1.1252
1622619918987000,1,552.00000000,1.1249
1622619918987000,1,551.00000000,1.1246
1622619918987000,1,379.35622806,1.1242
1622620143917000,0,52.03529000,1.1257
1622620466113000,1,560.00000000,1.1224
1622621296345000,0,20.35157617,1.1144
1622621996771000,0,50.63055979,1.1129
1622622032971000,1,169.33744778,1.1099
1622623667053000,1,560.00000000,1.1150
1622623667262000,1,440.00000000,1.1150
1622623773499000,0,50.00000000,1.1134
1622623776629000,1,50.00000000,1.1130
1622623934737000,1,50.00000000,1.1120
1622624030452000,1,50.00000000,1.1110
1622624627118000,1,50.00000000,1.1100
1622624627118000,1,323.49679354,1.1098
1622624627118000,1,50.00000000,1.1090
1622624627118000,1,550.00000000,1.1090
1622624627118000,1,901.03595476,1.1089
1622624627118000,1,120.04156378,1.1087
1622624772466000,1,50.00000000,1.1080
1622624772466000,1,190.10178592,1.1077
1622624885521000,1,375.00000000,1.1091
1622624892218000,1,93.75000000,1.1091
1622624902970000,1,23.43750000,1.1091
1622625154432000,1,809.89821408,1.1077
1622625169278000,1,50.00000000,1.1070
1622625374017000,1,50.00000000,1.1060
1622625959356000,1,50.00000000,1.1030
1622626022284000,1,50.00000000,1.1020
1622627388004000,1,54.09660265,1.1055
1622627550223000,0,331.12220687,1.1065
1622628338073000,1,461.52727077,1.1065
1622628695685000,1,50.00000000,1.1010
1622631260197000,1,573.00000000,1.0914
1622631264506000,1,23.44396190,1.0891
1622631264506000,1,251.33951110,1.0890
1622631597642000,1,580.00000000,1.0882
1622632543770000,0,442.39025404,1.0825
1622632791642000,0,559.00000000,1.0831
1622633113489000,0,573.00000000,1.0852
1622633186875000,0,776.56451000,1.0869
1622634583621000,1,100.00000000,1.0880
1622635009918000,0,317.75707449,1.0894
1622635882109000,0,316.15830000,1.1019
1622636043856000,1,560.00000000,1.1078
1622636077242000,0,827.59481746,1.1092
1622636278977000,1,328.37841496,1.1080
1622636427356000,1,330.79672127,1.1052
1622638814008000,1,581.00000000,1.1006
1622638831417000,1,39.99999999,1.0954
1622638831871000,1,0.00000001,1.0954
1622638968899000,0,40.00000000,1.0889
1622639410212000,1,100.00000000,1.0830
1622639634685000,0,557.00000000,1.0877
1622639910394000,0,99.29913377,1.0918
1622640126139000,0,913.99816695,1.0950
1622640230749000,0,66.23203204,1.1025
1622640234806000,0,553.00000000,1.1032
1622640234806000,0,907.71604511,1.1033
1622640238144000,0,275.16200201,1.1031
1622640277048000,0,180.26196198,1.1068
1622640283782000,0,49.57024242,1.1104
1622640327601000,1,334.19041352,1.1153
1622640338501000,0,39.94718000,1.1108
1622640338760000,0,40.00000000,1.1108
1622640362901000,0,544.57798864,1.1148
1622640377898000,0,39.99999999,1.1185
1622640401044000,1,40.00000000,1.1230
1622640402155000,1,40.00000000,1.1215
1622640407420000,1,305.54629028,1.1203
1622640407436000,1,268.94172052,1.1203
1622640407548000,1,134.86131367,1.1203
1622640475563000,0,40.00000000,1.1152
1622640475563000,0,264.07823517,1.1158
1622640501262000,0,40.00000000,1.1156
1622640507282000,0,89.22787414,1.1234
1622640538289000,1,40.00000000,1.1255
1622640546220000,1,39.99999999,1.1218
1622640677483000,0,403.97049120,1.1243
1622640678229000,1,1108.00000000,1.1243
1622640751331000,0,40.00000000,1.1262
1622641140579000,0,40.00000000,1.1251
1622641260258000,0,177.16630556,1.1262
1622642102207000,0,167.31400461,1.1298
1622642645798000,0,23.44396190,1.1501
1622642693034000,1,20.00000000,1.1545
1622642694707000,0,324.49573092,1.1588
1622642694711000,0,324.49573092,1.1588
1622642694730000,0,324.49573092,1.1600
1622642694766000,0,324.49573092,1.1600
1622642694767000,0,324.49573092,1.1600
1622642694767000,0,324.49573092,1.1600
1622642694767000,0,324.49573092,1.1600
1622642694777000,0,97.46822221,1.1600
1622642694777000,0,70.55644280,1.1600
1622642694778000,0,324.49573092,1.1600
1622642695009000,0,560.00000000,1.1600
1622642695240000,0,1644.94782628,1.1600
1622642702884000,0,58.42610273,1.1650
1622642702961000,0,278.57389727,1.1650
1622642712729000,0,321.20616174,1.1714
1622642719086000,0,563.00000000,1.1774
1622642719086000,0,568.00000000,1.1777
1622642719086000,0,298.75121323,1.1780
1622642719086000,0,288.11744994,1.1783
1622642719086000,0,305.68641874,1.1783
1622642725077000,1,40.00000000,1.1751
1622642725077000,1,278.70457834,1.1751
1622642727034000,1,212.27114950,1.1701
1622642727146000,1,319.96749138,1.1701
1622642727294000,1,49.76135912,1.1701
1622642727725000,0,738.46661000,1.1764
1622642727814000,0,40.00000000,1.1761
1622642727814000,0,45.00510031,1.1764
1622642727827000,0,97.52828969,1.1764
1622642727827000,0,551.00000000,1.1764
1622642727827000,0,2965.00000000,1.1770
1622642727905000,1,560.00000000,1.1770
1622642728064000,1,600.40421107,1.1770
1622642728070000,0,1898.64392000,1.1748
1622642738412000,1,319.75800202,1.1726
1622642738503000,1,319.76860679,1.1726
1622642738519000,1,76.85464119,1.1726
1622642738519000,1,40.00000000,1.1724
1622642742491000,0,40.00000000,1.1762
1622642748617000,1,36.70317969,1.1790
1622642748682000,1,3.29682031,1.1790
1622642750115000,1,40.00000000,1.1740
1622642761665000,0,80.00000000,1.1755
1622642773538000,1,39.99999999,1.1753
1622642773543000,1,39.99999999,1.1753
1622642775462000,1,40.00000000,1.1743
1622642775462000,1,278.61446046,1.1738
1622642775503000,1,273.38553954,1.1738
1622642777638000,1,40.00000000,1.1716
1622642780479000,1,216.49700000,1.1655
1622642796291000,1,40.00000000,1.1702
1622642797729000,1,40.00000000,1.1658
1622642797729000,1,4.43808519,1.1658
1622642852154000,1,39.99999999,1.1599
1622642869554000,0,79.99800000,1.1583
1622642875474000,1,218.34000000,1.1579
1622642916029000,1,39.99999999,1.1563
1622642916033000,1,0.00000001,1.1563
1622642939221000,0,83.27982162,1.1591
1622642939222000,0,548.00000000,1.1591
1622642939273000,0,259.55820000,1.1597
1622642939273000,0,115.29368059,1.1597
1622642939449000,0,40.00000000,1.1601
1622642939449000,0,219.55820000,1.1603
1622642939474000,1,259.55820000,1.1597
1622642939539000,1,864.57200000,1.1599
1622642939558000,0,0.02558961,1.1598
1622642939627000,0,923.36015444,1.1603
1622642939635000,0,286.92417628,1.1603
1622642939650000,1,547.17263950,1.1599
1622642939693000,0,923.36015444,1.1597
1622642939795000,0,342.81005246,1.1603
1622642939971000,0,286.95211962,1.1603
1622642940182000,0,102.44947296,1.1625
1622642960348000,1,40.00000000,1.1601
1622642960554000,1,323.01940668,1.1601
1622642960555000,1,71.29061001,1.1601
1622642960561000,1,323.01940668,1.1601
1622642960985000,1,40.00000000,1.1601
1622642960985000,1,1140.35843263,1.1601
1622642961731000,1,202.26857200,1.1601
1622642961731000,1,14.03698495,1.1601
1622642961736000,1,86.60435240,1.1601
1622642961739000,1,433.31684468,1.1601
1622642961739000,1,302.97510897,1.1601
1622642961740000,1,867.02403243,1.1601
1622642962489000,1,157.76314000,1.1601
1622642963023000,1,86.54859308,1.1601
1622642963030000,1,216.30555695,1.1601
1622642964060000,1,1578.58398127,1.1601
1622642965714000,1,388.92138000,1.1601
1622642965714000,1,40.00000000,1.1601
1622642965714000,1,13203.23004119,1.1601
1622642965714000,1,861.36340910,1.1601
1622642965800000,0,1289.91241343,1.1600
1622642985491000,1,217.26400565,1.1600
1622642988137000,1,171.65737435,1.1600
1622643001741000,1,143.38700200,1.1598
1622643008516000,1,246.29177120,1.1598
1622643012751000,1,389.67877320,1.1597
1622643012821000,0,2302.78352501,1.1597
1622643012850000,0,272.53770179,1.1597
1622643012961000,1,738.45239000,1.1597
1622643024308000,1,391.45754808,1.1597
1622643034037000,1,391.45754808,1.1597
1622643034037000,1,502.22568378,1.1597
1622643034037000,1,202.26857200,1.1597
1622643034037000,1,1805.35764559,1.1597
1622643039936000,1,541.98452959,1.1603
1622643040064000,0,2202.90400000,1.1603
1622643040214000,0,220.11147041,1.1603
1622643043075000,1,218.91000000,1.1603
1622643061643000,1,143.38700200,1.1629
1622643078616000,1,218.72000000,1.1609
1622643112974000,1,312.23840119,1.1685
1622643113176000,1,247.63770991,1.1685
1622643113590000,1,0.12388890,1.1685
1622643113590000,1,218.78611110,1.1661
1622643148711000,1,40.00000000,1.1647
1622643148711000,1,178.15000000,1.1632
1622643188833000,1,218.15000000,1.1651
1622643215597000,1,851.54152015,1.1603
1622643215819000,1,31.49541027,1.1597
1622643239088000,1,0.01576086,1.1597
1622643239088000,1,2534.80141779,1.1597
1622643239329000,1,2095.94413221,1.1597
1622643239329000,1,869.05586779,1.1597
1622643239448000,1,560.00000000,1.1597
1622643246079000,1,218.91000000,1.1533
1622643272563000,1,2408.53542624,1.1545
1622643273021000,0,264.13573234,1.1551
1622643277118000,1,538.00000000,1.1557
1622643277207000,0,265.15199393,1.1557
1622643281238000,1,392.99518824,1.1551
1622643281238000,1,153.00481176,1.1545
1622643292038000,1,2965.00000000,1.1558
1622643295931000,1,626.57746779,1.1557
1622643306870000,1,391.32995448,1.1538
1622643306870000,1,165.67004552,1.1538
1622643319197000,1,391.32995448,1.1542
1622643319199000,0,544.00000000,1.1542
1622643319248000,0,583.00000000,1.1542
1622643319274000,0,1446.67004552,1.1542
1622643321414000,1,567.00000000,1.1553
1622643321414000,1,227.65704801,1.1547
1622643339742000,1,393.25263672,1.1549
1622643339865000,0,166.74736328,1.1549
1622643340034000,1,559.99997893,1.1549
1622643340174000,0,321.00002107,1.1549
1622643354446000,1,560.00000000,1.1547
1622643358603000,1,544.00000000,1.1510
1622643358706000,0,2302.78352501,1.1510
1622643358775000,0,118.21647499,1.1510
1622643359078000,1,589.99997893,1.1532
1622643369465000,0,510.69811420,1.1607
1622643369465000,0,40.00000000,1.1607
1622643369465000,0,591.22700580,1.1608
1622643393429000,1,568.00000000,1.1574
1622643393556000,0,560.00000000,1.1574
1622643393565000,1,568.00000000,1.1571
1622643393565000,1,40.00000000,1.1569
1622643413511000,1,577.00000000,1.1567
1622643413527000,0,549.00000000,1.1567
1622643425727000,1,219.88000000,1.1542
1622643426785000,1,393.38148768,1.1542
1622643426785000,1,40.00000000,1.1542
1622643440391000,1,40.00000000,1.1543
1622643440391000,1,395.32443216,1.1543
1622643440391000,1,2262.22500000,1.1510
1622643440391000,1,1396.17851975,1.1510
1622643440391000,1,417.64029505,1.1489
1622643440391000,1,963.65124220,1.1481
1622643440391000,1,881.00000000,1.1448
1622643440391000,1,298.72068191,1.1448
1622643440391000,1,2101.52169119,1.1437
1622643440558000,1,379.67711301,1.1510
1622643441220000,0,273.62942890,1.1528
1622643441419000,0,233.74159114,1.1539
1622643441474000,0,263.91790000,1.1539
1622643441886000,0,556.00000000,1.1534
1622643442105000,1,205.15816336,1.1539
1622643442225000,0,263.91790528,1.1540
1622643442425000,0,740.45429926,1.1556
1622643458285000,0,551.00000000,1.1555
1622643458614000,1,395.32443216,1.1543
1622643458627000,0,40.00000000,1.1543
1622643458694000,0,745.19149631,1.1543
1622643458785000,0,1784.48407153,1.1543
1622643464522000,1,395.32443216,1.1544
1622643464522000,1,40.00000000,1.1543
1622643464522000,1,282.67732928,1.1543
1622643485801000,1,219.88000000,1.1546
1622643487948000,1,40.00000000,1.1546
1622643488045000,0,680.64893572,1.1546
1622643488048000,0,2202.90400000,1.1546
1622643488068000,0,41.44706428,1.1546
1622643513502000,1,569.00000000,1.1563
1622643513502000,1,461.52984589,1.1560
1622643523406000,0,881.00000000,1.1578
1622643523406000,0,33.91221223,1.1578
1622643523406000,0,2965.00000000,1.1589
1622643523406000,0,35.10082572,1.1590
1622643523406000,0,538.00000000,1.1590
1622643523406000,0,575.00000000,1.1592
1622643523406000,0,539.00000000,1.1597
1622643523406000,0,561.00000000,1.1600
1622643523406000,0,34.31525835,1.1607
1622643523406000,0,40.00000000,1.1663
1622643523406000,0,25000.00000000,1.1664
1622643523406000,0,118.73866276,1.1806
1622643532658000,1,219.69000000,1.1585
1622643538462000,0,17.50355158,1.1588
1622643543933000,1,40.00000000,1.1590
1622643543933000,1,574.00000000,1.1590
1622643543933000,1,70.58180754,1.1588
1622643568202000,1,219.49000000,1.1565
1622643603697000,1,67.62000000,1.1606
1622643638312000,1,219.10000000,1.1601
1622643673540000,1,218.91000000,1.1591
1622643708485000,1,219.10000000,1.1603
1622643743669000,1,218.72000000,1.1606
1622643782648000,0,562.00000000,1.1611
1622643782648000,0,40.00000000,1.1617
1622643782648000,0,255.52784076,1.1686
1622643783875000,1,218.72000000,1.1567
1622643818829000,1,115.40000000,1.1608
1622643856152000,1,218.53000000,1.1607
1622643880871000,0,39.99800000,1.1639
1622643890964000,1,40.00000000,1.1666
1622643890964000,1,178.53000000,1.1621
1622643901345000,1,557.72100000,1.1726
1622643901430000,1,0.27900000,1.1726
1622643908511000,1,40.00000000,1.1687
1622643909358000,1,720.04114000,1.1666
1622643927396000,0,40.00000000,1.1726
1622643927396000,0,281.25274253,1.1726
1622643927398000,0,276.46824042,1.1726
1622643943647000,0,709.84315000,1.1830
1622643943853000,0,3656.04364245,1.1830
1622643943853000,0,4782.85741709,1.1830
1622643944041000,0,348.04146751,1.1830
1622643944372000,0,535.61540111,1.1830
1622643948282000,0,167.31400461,1.1879
1622643969320000,1,50.00000000,1.1945
1622643971218000,0,21.44840360,1.2000
1622643971218000,0,293.27531437,1.2000
1622643971474000,0,314.66468748,1.2000
1622643973219000,0,92.05999815,1.2000
1622643973219000,0,222.56447428,1.2000
1622643973333000,0,314.62447243,1.2000
1622643974385000,0,314.56406596,1.2000
1622643974446000,0,699.20756000,1.2000
1622643974572000,0,489.53708104,1.2000
1622643986321000,1,216.07000000,1.1968
1622643988066000,0,22.42276146,1.2025
1622643988066000,0,291.35574391,1.2035
1622643988081000,0,290.64425609,1.2035
1622644004670000,1,40.00000000,1.2065
1622644004670000,1,18.44993623,1.2064
1622644004799000,1,560.00000000,1.2070
1622644021575000,1,212.59000000,1.2077
1622644023472000,0,57.72722356,1.2100
1622644033899000,1,312.57097778,1.2087
1622644034241000,1,312.54446179,1.2087
1622644049593000,0,577.00000000,1.2123
1622644049674000,1,560.00000000,1.2123
1622644049872000,1,1828.00000000,1.2123
1622644050355000,1,312.38717962,1.2095
1622644050448000,1,312.38222457,1.2095
1622644050646000,1,256.23059581,1.2095
1622644050646000,1,40.00000000,1.2090
1622644050786000,1,296.66698147,1.2095
1622644051903000,1,285.21149648,1.2063
1622644051949000,1,270.94745791,1.2063
1622644052522000,1,2965.00000000,1.2063
1622644052605000,1,40.00000000,1.2063
1622644052605000,1,520.00000000,1.2060
1622644053039000,1,361.00000000,1.2060
1622644056306000,1,210.97000000,1.2009
1622644057950000,1,200.00200000,1.2022
1622644091312000,1,211.32000000,1.2071
1622644106413000,1,560.00000000,1.2072
1622644106425000,1,2405.00000000,1.2072
1622644109562000,1,2965.00000000,1.2056
1622644126089000,1,210.44000000,1.2106
1622644126364000,0,312.23904661,1.2145
1622644126375000,0,312.23904661,1.2145
1622644126396000,0,328.37866811,1.2145
1622644139943000,1,40.00000000,1.2162
1622644140113000,1,13.00000000,1.2166
1622644143947000,1,40.00000000,1.2137
1622644144065000,1,158.93256502,1.2128
1622644147537000,1,375.30487656,1.2128
1622644149477000,0,40.00000000,1.2128
1622644149477000,0,375.30484899,1.2128
1622644179538000,1,2965.00000000,1.2117
1622644180804000,1,881.00000000,1.2084
1622644181011000,1,313.42216708,1.2072
1622644213713000,1,211.87000000,1.2161
1622644214975000,0,542.00000000,1.2209
1622644214975000,0,40.00000000,1.2215
1622644214975000,0,576.00000000,1.2215
1622644214975000,0,533.00000000,1.2218
1622644214975000,0,727.97548000,1.2221
1622644214975000,0,910.69580617,1.2225
1622644214975000,0,686.71947137,1.2228
1622644214975000,0,82.18246646,1.2245
1622644214975000,0,205.23492579,1.2263
1622644214975000,0,287.31471942,1.2276
1622644214975000,0,410.39879917,1.2288
1622644214975000,0,820.73854793,1.2299
1622644214975000,0,17.00000000,1.2300
1622644214975000,0,2965.00000000,1.2325
1622644214975000,0,251.35884825,1.2325
1622644214975000,0,244.86621309,1.2325
1622644214975000,0,226.90881380,1.2339
1622644214975000,0,5881.00000000,1.2355
1622644214975000,0,10409.06091970,1.2362
1622644214975000,0,17.00000000,1.2400
1622644214975000,0,3737.50653912,1.2413
1622644215504000,0,310.88898833,1.2210
1622644215517000,0,249.11101167,1.2210
1622644224267000,1,79.99999998,1.2273
1622644224543000,1,294.95324802,1.2273
1622644224934000,1,181.21970476,1.2273
1622644225249000,1,40.00000000,1.2271
1622644225249000,1,153.73354323,1.2218
1622644234207000,0,560.00000000,1.2274
1622644234207000,0,40.00000000,1.2279
1622644234207000,0,567.00000000,1.2279
1622644234207000,0,537.00000000,1.2284
1622644234207000,0,36.40171116,1.2285
1622644234207000,0,727.97548000,1.2304
1622644234207000,0,663.71341830,1.2328
1622644249088000,1,40.00000000,1.2215
1622644249088000,1,301.72347794,1.2215
1622644249320000,1,49.01243341,1.2175
1622644251068000,1,86.21654808,1.2181
1622644251498000,1,287.68575648,1.2181
1622644251706000,0,40.00000000,1.2175
1622644298504000,1,2965.00000000,1.2145
1622644303905000,1,101.30180328,1.2122
1622644339109000,1,211.32000000,1.2074
1622644355386000,1,989.65695387,1.2067
1622644374124000,1,210.62000000,1.2059
1622644376871000,1,40.25932597,1.2053
1622644437707000,0,80.00000000,1.2092
1622644449275000,1,210.62000000,1.2080
1622644481267000,1,210.62000000,1.2106
1622644516331000,1,209.91000000,1.2119
1622644551149000,1,209.73000000,1.2106
1622644555138000,1,191.54500236,1.2115
1622644559094000,1,549.00000000,1.2106
1622644559094000,1,146.85361000,1.2103
1622644565760000,1,563.00000000,1.2106
1622644565760000,1,410.14639000,1.2103
1622644565760000,1,150.00000000,1.2103
1622644565760000,1,1000.00000000,1.2100
1622644586593000,1,209.91000000,1.2032
1622644622053000,1,211.87000000,1.2118
1622644695683000,0,494.67939699,1.2116
1622644753472000,0,567.00000000,1.2068
1622644810670000,1,562.00000000,1.2075
1622644810670000,1,561.00000000,1.2075
1622644810670000,1,549.00000000,1.2069
1622644810670000,1,2262.22500000,1.2069
1622644810670000,1,578.00000000,1.2068
1622644810670000,1,294.71315637,1.2062
1622644810769000,0,605.44904137,1.2056
1622644810771000,0,560.00000000,1.2056
1622644825875000,1,135.52836092,1.2074
1622644831438000,1,33.23480678,1.2074
1622645191641000,0,104.90736629,1.2065
1622645191647000,1,40.00000000,1.2038
1622645191647000,1,197.24170174,1.2038
1622645191662000,0,221.26880000,1.2065
1622645191663000,1,183.05614442,1.2038
1622645191731000,0,221.26880930,1.2065
1622645191788000,0,25.55502441,1.2065
1622645191948000,1,326.17614613,1.2065
1622645191957000,0,233.82385387,1.2059
1622645191957000,0,317.17614613,1.2068
1622645192063000,0,233.82385387,1.2068
1622645192173000,0,54.72455095,1.2071
1622645192361000,0,166.54427489,1.2071
1622645193111000,1,54.72453440,1.2071
1622645193111000,1,233.82383452,1.2068
1622645193230000,0,271.45163108,1.2062
1622645193308000,0,271.45160000,1.2062
1622645193332000,0,14.09676892,1.2062
1622645193332000,0,257.35484562,1.2066
1622645194286000,1,380.29784616,1.2062
1622645194286000,1,551.03439960,1.2062
1622645194286000,1,559.99997982,1.2059
1622645195476000,1,68.51590088,1.2029
1622645202918000,1,380.29784616,1.2030
1622645202918000,1,2115.87514305,1.2030
1622645203002000,1,77.83395607,1.2030
1622645203002000,1,40.00000000,1.2030
1622645203002000,1,442.16604393,1.2030
1622645203088000,0,558.00000000,1.2030
1622645213852000,0,541.00000000,1.2071
1622645214214000,0,550.00000000,1.2065
1622645214399000,0,560.00000000,1.2064
1622645214399000,0,302.99997982,1.2065
1622645214402000,0,238.00002018,1.2065
1622645219411000,1,382.96660296,1.2065
1622645219480000,0,1240.44041372,1.2065
1622645219530000,0,1293.59298332,1.2065
1622645236122000,1,382.96660296,1.2065
1622645236122000,1,1241.06604440,1.2065
1622645236122000,1,733.22674689,1.2065
1622645244243000,1,382.96660296,1.2065
1622645244243000,1,677.07712263,1.2065
1622645244243000,1,1418.09945091,1.2065
1622645246742000,1,110.89880220,1.2065
1622645246812000,0,2372.92240806,1.2065
1622645246913000,0,279.52045385,1.2065
1622645246979000,0,153.65833589,1.2065
1622645263137000,1,381.74890296,1.2065
1622645263217000,0,1240.50141271,1.2065
1622645263277000,0,799.84160000,1.2065
1622645263278000,0,494.90808433,1.2065
1622645273282000,1,381.74890296,1.2065
1622645273356000,0,605.44904137,1.2065
1622645276898000,1,381.74890296,1.2065
1622645276898000,1,2262.22500000,1.2065
1622645276974000,0,273.02609704,1.2065
1622645277517000,1,2535.25107974,1.2065
1622645277517000,1,87.11611366,1.2065
1622645280960000,1,383.21107560,1.2066
1622645281078000,0,723.17499495,1.2066
1622645281099000,0,1810.61392945,1.2066
1622645285302000,1,383.21107560,1.2066
1622645289051000,1,383.21107560,1.2066
1622645289133000,0,857.48194752,1.2066
1622645289221000,0,1676.30697688,1.2066
1622645291915000,1,383.21107560,1.2066
1622645291915000,1,857.48192323,1.2066
1622645291915000,1,217.34018579,1.2066
1622645298519000,1,383.21107560,1.2066
1622645298519000,1,527.65666496,1.2066
1622645317250000,1,382.60047816,1.2066
1622645317355000,0,257.23331987,1.2066
1622645317441000,0,2104.16620197,1.2066
1622645343912000,1,382.60047816,1.2067
1622645343912000,1,195.51830570,1.2066
1622645343912000,1,976.82647792,1.2066
1622645343912000,1,1188.52894403,1.2065
1622645343912000,1,549.99997983,1.2065
1622645343912000,1,565.00000000,1.2059
1622645343912000,1,205.34534803,1.2053
1622645345876000,0,862.99997982,1.2071
1622645346876000,0,259.69556003,1.2066
1622645377065000,1,382.60047816,1.2067
1622645377065000,1,1656.63897074,1.2067
1622645377065000,1,538.99997983,1.2066
1622645377065000,1,577.00000000,1.2056
1622645377065000,1,547.00000000,1.2053
1622645377065000,1,185.55241731,1.2049
1622645379244000,0,552.99997982,1.2071
1622645379260000,0,0.00002018,1.2071
1622645382719000,0,582.99997982,1.2071
1622645402755000,0,221.53767008,1.2083
1622645406619000,1,212.31606518,1.2071
1622645410573000,1,337.68393482,1.2071
1622645410573000,1,244.00000000,1.2071
1622645410573000,1,383.45586072,1.2065
1622645410573000,1,545.00000000,1.2062
1622645410573000,1,40.00000000,1.2026
1622645410573000,1,126.83625545,1.2026
1622645446137000,1,569.00000000,1.2056
1622645446137000,1,40.00000000,1.2050
1622645446137000,1,574.00000000,1.2050
1622645446137000,1,411.61580031,1.2047
1622645482765000,1,583.00000000,1.2046
1622645482765000,1,378.83900522,1.2040
1622645495490000,1,39.99999999,1.2114
1622645496045000,1,80.01590551,1.2115
1622645516162000,1,538.00000000,1.2033
1622645516162000,1,509.73792518,1.2029
1622645557144000,1,384.19209600,1.2038
1622645557144000,1,40.00000000,1.2038
1622645570914000,1,239.90664138,1.2015
1622645613786000,1,40.00000000,1.2020
1622645613786000,1,342.21604301,1.2020
1622645613865000,1,40.08395699,1.2020
1622645649076000,1,211.50000000,1.2060
1622645684052000,1,211.87000000,1.2064
1622645711582000,1,387.16552728,1.2016
1622645711582000,1,40.00000000,1.2016
1622645711582000,1,1364.49595445,1.2015
1622645711582000,1,6703.26139146,1.1928
1622645711940000,1,387.16552728,1.2015
1622645712071000,1,633.30473554,1.2015
1622645712071000,1,7860.68433868,1.1928
1622645712585000,1,8498.93693562,1.1928
1622645714054000,1,387.16552728,1.1928
1622645714054000,1,40.00000000,1.1928
1622645714054000,1,1937.11733424,1.1928
1622645714054000,1,1751.28148655,1.1797
1622645717828000,0,466.41349143,1.2072
1622645718139000,0,555.00000000,1.2066
1622645718349000,0,5635.38397579,1.2072
1622645718557000,1,554.99997982,1.2066
1622645718667000,0,213.96420000,1.2066
1622645718667000,0,119.03582018,1.2066
1622645718767000,1,482.99997982,1.2069
1622645718870000,0,380.00002018,1.2066
1622645719093000,1,41.15564348,1.2072
1622645720369000,1,846.83424553,1.2072
1622645720369000,1,2.45538171,1.2056
1622645720371000,1,424.64481362,1.2056
1622645720372000,1,163.89980467,1.2056
1622645720373000,1,84.92896273,1.1814
1622645720469000,0,133.35156487,1.1816
1622645720504000,0,78.97084194,1.1816
1622645720513000,0,133.35156487,1.1825
1622645720854000,0,42.44305356,1.2108
1622645721103000,0,90.48377740,1.2102
1622645721366000,1,211.50000000,1.1856
1622645721641000,1,297.23921734,1.1856
1622645721642000,1,424.62745335,1.1856
1622645721646000,1,212.09836299,1.1856
1622645726465000,0,98.89430877,1.2066
1622645726670000,0,156.00000000,1.2060
1622645726871000,0,410.99997982,1.2060
1622645726882000,0,0.00002018,1.2060
1622645726907000,0,14936.96594479,1.2066
1622645726980000,1,155.99997852,1.2066
1622645726991000,0,707.00002148,1.2060
1622645726991000,0,156.00000000,1.2060
1622645727204000,0,560.00000000,1.2060
1622645727361000,0,14937.05842586,1.2060
1622645727421000,0,0.00001721,1.2060
1622645733616000,0,107.16303838,1.2159
1622645744004000,1,379.21677192,1.2071
1622645754528000,1,212.41000000,1.1969
1622645774334000,1,549.00000000,1.2073
1622645774334000,1,67.87726410,1.2067
1622645790007000,1,40.00000000,1.2039
1622645790007000,1,171.15000000,1.2039
1622645812213000,1,40.00000000,1.2040
1622645812213000,1,385.79701152,1.2040
1622645812213000,1,293.83238931,1.2025
1622645824936000,1,211.50000000,1.2026
1622645946433000,1,383.21107560,1.2052
1622645946433000,1,40.00000000,1.2052
1622645946433000,1,206.91058527,1.1933
1622645946433000,1,416.32375103,1.1933
1622645946544000,0,40.00000000,1.2046
1622645946620000,0,206.79958627,1.2046
1622645976712000,1,384.43813656,1.2053
1622645976712000,1,40.00000000,1.2053
1622645976712000,1,198.43187795,1.2010
1622646023469000,1,102.36406660,1.2051
1622646023469000,1,384.68449224,1.2051
1622646023469000,1,40.00000000,1.2012
1622646023469000,1,1050.47832926,1.2012
1622646027854000,0,571.00000000,1.2076
1622646058141000,1,382.84448352,1.2067
1622646058141000,1,578.00000000,1.2055
1622646058141000,1,91.51078352,1.2047
1622646058307000,0,562.00000000,1.2072
1622646058408000,1,561.99997982,1.2072
1622646058878000,1,382.84448352,1.1979
1622646058878000,1,40.00000000,1.1979
1622646058878000,1,1288.28148648,1.1979
1622646074776000,0,3131.29826438,1.2074
1622646094117000,1,581.00000000,1.2030
1622646094117000,1,40.00000000,1.2025
1622646094117000,1,123.59003650,1.2024
1622646165099000,1,582.00000000,1.2070
1622646165099000,1,40.00000000,1.2064
1622646165099000,1,575.00000000,1.2064
1622646165099000,1,2212.75800000,1.2015
1622646170860000,1,40.00000000,1.2046
1622646170860000,1,382.35678360,1.2046
1622646170860000,1,102.36404642,1.2046
1622646170860000,1,877.15985007,1.2046
1622646196895000,1,1040.65411617,1.2076
1622646288712000,1,381.14295240,1.2044
1622646288712000,1,40.00000000,1.2043
1622646307449000,1,40.00000000,1.2043
1622646307449000,1,379.93680384,1.2043
1622646329522000,1,201.54408010,1.2042
1622646411494000,1,380.65957512,1.2008
1622646442259000,1,381.62755896,1.2011
1622646442259000,1,40.00000000,1.2011
1622646450851000,1,381.62755896,1.2012
1622646457312000,1,381.02199312,1.2011
1622646457312000,1,863.00000000,1.2011
1622646489789000,1,382.84448352,1.2015
1622646489789000,1,40.00000000,1.2015
1622646499273000,1,382.84448352,1.2016
1622646499273000,1,40.00000000,1.2016
1622646499468000,0,544.00000000,1.2045
1622646499468000,0,39.00000000,1.2050
1622646501805000,0,581.00000000,1.2066
1622646502011000,0,334.39658745,1.2066
1622646502063000,0,205.60341255,1.2066
1622646502244000,0,863.00000000,1.2065
1622646502450000,0,793.35014418,1.2065
1622646504702000,1,245.31997824,1.2017
1622646598739000,1,564.00000000,1.1963
1622646625550000,1,2210.64800000,1.1941
1622646625677000,1,706.35200000,1.1941
1622646625677000,1,863.00000000,1.1939
1622646625677000,1,40.00000000,1.1930
1622646625677000,1,519.00000000,1.1929
1622646625677000,1,704.17222000,1.1929
1622646625677000,1,603.00000000,1.1925
1622646625677000,1,3278.84801033,1.1914
1622646626609000,1,2917.00000000,1.1906
1622646626609000,1,705.54440000,1.1906
1622646626609000,1,863.00000000,1.1905
1622646626609000,1,292.87139513,1.1904
1622646629950000,1,240.00000000,1.1897
1622646631474000,1,307.06796710,1.1905
1622646632066000,1,2917.00000000,1.1905
1622646632361000,0,557.00000000,1.1929
1622646632388000,1,1472.48782565,1.1929
1622646632390000,1,588.99513026,1.1929
1622646636409000,0,588.94867822,1.1916
1622646636481000,1,2328.05132178,1.1916
1622646640851000,1,2917.00000000,1.1911
1622646641384000,1,40.00000000,1.1911
1622646644362000,0,2917.00000000,1.1913
1622646678250000,0,252.30721023,1.1916
1622646678250000,0,630.76802557,1.1922
1622646678335000,1,252.30721023,1.1922
1622646678461000,1,1781.61755397,1.1922
1622646684501000,1,207.64980771,1.1909
1622646732938000,1,40.00000000,1.1945
1622646732938000,1,292.33796930,1.1945
1622646743496000,1,703.14658000,1.1946
1622646743496000,1,286.55060646,1.1946
1622646743496000,1,40.00000000,1.1934
1622646743496000,1,863.00000000,1.1934
1622646743496000,1,218.28814308,1.1933
1622646763716000,0,40.00000000,1.2037
1622646764320000,0,207.64980274,1.2040
1622646783726000,1,40.00000000,1.2009
1622646783726000,1,2917.00000000,1.2008
1622646783726000,1,175.09060946,1.2008
1622646786737000,1,315.99912632,1.2008
1622646915497000,1,163.05023405,1.1983
1622646924663000,1,208.18931715,1.1976
1622646992964000,1,313.67987403,1.1941
1622647044849000,1,209.16475029,1.1924
1622647111782000,1,560.00000000,1.1906
1622647111914000,1,84.13868488,1.1906
1622647211003000,1,560.00000000,1.1897
1622647211463000,1,40.00000000,1.1897
1622647212256000,1,47.19438437,1.1879
1622647212559000,1,111.43601893,1.1879
1622647215518000,1,173.22275848,1.1871
1622647274706000,0,79.39472534,1.1906
1622647281019000,1,312.61417797,1.1875
1622647285113000,1,210.51921149,1.1865
1622647445893000,1,84.61440256,1.1835
1622647451094000,0,84.64728515,1.1831
1622647535746000,1,320.41733557,1.1807
1622647694865000,1,300.31992456,1.1778
1622647802219000,1,560.00000000,1.1738
1622647803469000,1,324.35311304,1.1712
1622647803476000,1,324.35311304,1.1712
1622647803476000,1,214.29377392,1.1712
1622647803666000,1,40.00000000,1.1706
1622647823328000,1,135.54734079,1.1671
1622647885484000,1,212.75145974,1.1680
1622647966566000,0,79.99800000,1.1685
1622648005525000,1,214.03741401,1.1702
1622648047177000,0,851.34311208,1.1723
1622648504866000,1,40.00000000,1.1710
1622648504866000,1,180.51516862,1.1709
1622648509276000,0,85.48115325,1.1718
1622648509565000,0,560.00000000,1.1715
1622648510918000,1,85.54726342,1.1710
1622648511062000,1,304.25802890,1.1710
1622648511189000,0,255.74197110,1.1709
1622648511476000,0,544.00000000,1.1716
1622648511668000,0,557.00000000,1.1719
1622648512151000,1,85.55449367,1.1709
1622648512282000,0,289.16210000,1.1716
1622648512451000,0,574.00000000,1.1713
1622648513375000,0,85.55915847,1.1706
1622648513601000,0,270.00000000,1.1714
1622648513759000,0,283.83790000,1.1716
1622648514631000,0,85.55915847,1.1706
1622648516650000,0,85.55915847,1.1706
1622648518855000,0,85.51390275,1.1713
1622648521814000,0,0.00000001,1.1713
1622648524326000,1,85.51481417,1.1713
1622648526650000,0,85.53907678,1.1710
1622648528661000,0,85.53907678,1.1710
1622648530666000,0,85.53900000,1.1710
1622648530672000,0,0.00007678,1.1710
1622648531306000,0,213.87890000,1.1713
1622648532645000,0,85.53907678,1.1710
1622648532872000,0,0.00000052,1.1713
1622648532872000,0,213.87889948,1.1713
1622648534522000,0,85.53907678,1.1710
1622648534678000,0,0.00000104,1.1713
1622648534678000,0,213.87889896,1.1713
1622648535669000,0,85.53900000,1.1710
1622648535723000,0,0.00007678,1.1710
1622648536104000,0,0.00000156,1.1713
1622648536104000,0,213.87889844,1.1713
1622648537678000,0,85.53907678,1.1710
1622648539583000,1,85.62702038,1.1700
1622648539685000,0,214.03380330,1.1706
1622648539887000,0,299.64730000,1.1710
1622648539902000,0,0.00002462,1.1710
1622648540861000,1,85.62702038,1.1700
1622648540862000,0,547.00000000,1.1711
1622648540863000,1,214.14834140,1.1700
1622648541039000,0,299.64732462,1.1710
1622648542113000,1,5.16375312,1.1700
1622648542230000,0,80.46326725,1.1697
1622648542445000,0,0.00000001,1.1697
1622648542445000,0,299.64732462,1.1710
1622648542670000,0,428.30999311,1.1712
1622648543641000,0,85.65283204,1.1697
1622648543828000,0,214.13982002,1.1706
1622648544030000,0,299.64732462,1.1710
1622648544250000,0,717.76207000,1.1710
1622648544402000,0,428.30999311,1.1712
1622648545640000,0,85.65283204,1.1697
1622648545807000,0,214.13982002,1.1706
1622648546004000,0,299.64732462,1.1710
1622648546055000,0,108.08851454,1.1712
1622648546194000,0,320.22147857,1.1712
1622648559273000,0,717.76206500,1.1713
1622648559509000,1,19.76962589,1.1692
1622648562574000,0,717.76200000,1.1713
1622648568441000,0,175.88365000,1.1711
1622648676867000,0,307.48554659,1.1704
1622648679331000,0,5023.09527576,1.1713
1622648711443000,0,0.00000208,1.1713
1622648883049000,1,563.00000000,1.1711
1622648883049000,1,391.45754808,1.1710
1622648883049000,1,624.67221645,1.1710
1622648883049000,1,565.00000000,1.1709
1622648883049000,1,574.00000000,1.1706
1622648883049000,1,307.48554100,1.1704
1622648883049000,1,543.00000000,1.1703
1622648883049000,1,557.00000000,1.1700
1622648883049000,1,299.33506591,1.1669
1622648883049000,1,40.00000000,1.1660
1622648883049000,1,307.57536860,1.1660
1622648886348000,0,295.17166385,1.1708
1622648899297000,0,544.00000000,1.1713
1622648899577000,0,5.00000000,1.1713
1622648899577000,0,539.00000000,1.1714
1622648899738000,0,560.00000000,1.1709
1622648900249000,0,5.00000000,1.1714
1622648900249000,0,549.00000000,1.1715
1622648901638000,0,721.39330000,1.1714
1622648998743000,0,560.00000000,1.1724
1622649086328000,1,213.24144048,1.1737
1622649126755000,1,106.97731037,1.1687
1622649132269000,1,262.06112087,1.1687
1622649206327000,1,213.90923403,1.1655
1622649326489000,1,214.49653373,1.1669
1622649342268000,1,719.35668000,1.1677
1622649342268000,1,580.00000000,1.1677
1622649353944000,0,40.00000000,1.1693
1622649353944000,0,74.83045136,1.1693
1622649381237000,1,326.65706274,1.1626
1622649381469000,1,157.58129064,1.1626
1622649381473000,1,77.76164662,1.1626
1622649381852000,1,39.99999999,1.1620
1622649409870000,1,312.57700346,1.1626
1622649409870000,1,540.00000000,1.1622
1622649409967000,0,560.00000000,1.1621
1622649411076000,0,80.00000000,1.1620
1622649431809000,1,562.00000000,1.1624
1622649431809000,1,480.00000000,1.1621
1622649431809000,1,580.00000000,1.1620
1622649431809000,1,146.15911640,1.1614
1622649446455000,1,215.25003444,1.1614
1622649551700000,1,315.66601728,1.1586
1622649551700000,1,863.43125407,1.1575
1622649551700000,1,322.25611091,1.1575
1622649551700000,1,673.49247374,1.1569
1622649566533000,1,215.25003444,1.1595
1622649574861000,0,40.00000000,1.1629
1622649632604000,1,40.00000000,1.1665
1622649632604000,1,37.86162000,1.1665
1622649686562000,1,214.16761614,1.1631
1622649710656000,1,311.56928914,1.1629
1622649710856000,1,40.00000000,1.1619
1622649806572000,1,215.35572458,1.1559
1622649857000000,1,171.41173820,1.1542
1622650046745000,1,217.18167681,1.1513
1622650166784000,1,216.84071748,1.1532
1622650228424000,1,560.00000000,1.1530
1622650231552000,1,304.68872608,1.1521
1622650286816000,1,216.98940223,1.1512
1622650407017000,1,216.98940223,1.1543
1622650526913000,1,216.76175282,1.1531
1622650887201000,1,217.26850041,1.1509
1622650984573000,1,325.99374311,1.1511
1622651007327000,1,216.91409334,1.1474
1622651007613000,1,361.73954147,1.1466
1622651127524000,1,217.80039029,1.1491
1622651607997000,1,217.05722496,1.1497
1622651830510000,0,324.95502736,1.1468
1622651968015000,1,217.33460836,1.1503
1622652080712000,1,40.00000000,1.1477
1622652088129000,1,217.82316244,1.1462
1622652208132000,1,217.35539345,1.1502
1622652328174000,1,217.35539345,1.1501
1622652478795000,1,330.54734515,1.1439
1622652479145000,1,278.48541622,1.1439
1622653258514000,1,500.00000000,1.1500
1622653382815000,0,246.02165745,1.1525
1622653386068000,0,61.50378745,1.1525
1622653460063000,0,870.38610000,1.1499
1622653965308000,1,500.00000000,1.1450
1622654396729000,0,0.00003936,1.1499
1622654402862000,1,560.00000000,1.1499
1622654403289000,1,439.99996064,1.1499
1622654413024000,0,560.00000000,1.1500
1622654413154000,0,1048.64957912,1.1500
1622654862235000,1,560.00000000,1.1418
1622654862414000,1,2452.00000000,1.1418
1622654862835000,0,82.79309468,1.1417
1622654883080000,1,250.00000000,1.1400
1622655335504000,0,412.28866810,1.1555
1622655425183000,1,316.87399032,1.1533
1622655474149000,0,683.12600968,1.1533
1622655487998000,0,103.07216703,1.1557
1622655626289000,0,867.03704519,1.1544
1622656368787000,1,50.00000000,1.1564
1622656811565000,1,296.77707958,1.1548
1622657398785000,0,27.00000000,1.1627
1622657407389000,1,40.00000000,1.1594
1622657544587000,0,40.00000000,1.1613
1622657544587000,0,560.00000000,1.1613
1622657549584000,0,327.53619583,1.1614
1622657565793000,0,275.39449638,1.1648
1622657695586000,0,30.00000000,1.1741
1622657711383000,1,40.00000000,1.1711
1622657827709000,0,1250.00000000,1.1702
1622657862011000,0,566.00000000,1.1758
1622657862011000,0,63.34030558,1.1761
1622658099986000,0,309.21650107,1.1715
1622658099993000,0,218.70233999,1.1715
1622658226726000,0,23.24235472,1.1769
1622658237614000,0,567.00000000,1.1761
1622658237614000,0,851.62800055,1.1762
1622658237614000,0,566.00000000,1.1767
1622658237614000,0,244.36508035,1.1767
1622658294455000,0,422.78156973,1.1768
1622658452183000,1,39.99999999,1.1741
1622658932626000,0,40.00000000,1.1682
1622658932626000,0,857.00000949,1.1683
1622658932763000,1,857.00000949,1.1687
1622658932850000,1,3314.50907192,1.1687
1622658937332000,0,856.99108915,1.1682
1622658937332000,0,2142.47772286,1.1687
1622658937332000,0,572.00000000,1.1692
1622658937332000,0,40.00000000,1.1695
1622658937332000,0,551.00000000,1.1695
1622658937332000,0,2998.92076484,1.1698
1622658937332000,0,563.00000000,1.1699
1622658937433000,1,856.99108915,1.1700
1622658937446000,1,2050.57659895,1.1700
1622659714510000,0,40.00000000,1.1733
1622659849013000,0,851.64847700,1.1756
1622660147598000,1,300.57305775,1.1736
1622660148133000,1,40.00000000,1.1733
1622660302931000,0,40.00000000,1.1723
1622660302931000,0,400.18119450,1.1723
1622660331046000,1,570.00000000,1.1702
1622660331046000,1,854.24550335,1.1698
1622660331155000,0,560.00000000,1.1698
1622660331197000,0,854.24550335,1.1698
1622660332589000,0,854.24550335,1.1698
1622660332691000,0,560.00000000,1.1698
1622660334304000,0,815.77258085,1.1698
1622660446869000,1,300.00000000,1.1713
1622660759465000,1,326.09151061,1.1645
1622660759465000,1,326.09151061,1.1645
1622660759467000,1,238.81697878,1.1645
1622661027973000,0,40.00000000,1.1560
1622661294923000,1,304.38965518,1.1557
1622661357183000,0,40.00000000,1.1559
1622661468989000,0,129.49864132,1.1555
1622661547630000,0,412.28866810,1.1545
1622661547714000,0,454.71804950,1.1545
1622661547714000,0,178.18666669,1.1549
1622661756759000,1,316.66646903,1.1601
1622661790557000,0,40.00000000,1.1568
1622662675715000,0,25.84883358,1.1548
1622663474522000,1,303.08975447,1.1507
1622663759002000,0,86.44688520,1.1540
1622664640775000,1,22.42276146,1.1387
1622664644007000,1,250.00000000,1.1375
1622664647350000,1,250.00000000,1.1350
1622664652023000,1,549.99998239,1.1347
1622664652087000,1,0.00001761,1.1347
1622664652087000,1,193.07334480,1.1325
1622664688733000,0,40.00000000,1.1366
1622665207816000,1,20.99664781,1.1331
1622665423253000,1,56.92665520,1.1325
1622665423253000,1,545.00000000,1.1324
1622665423253000,1,354.22282674,1.1321
1622665927214000,0,40.00000000,1.1415
1622667390494000,0,40.00000000,1.1420
1622667837609000,0,876.98471225,1.1412
1622667999334000,1,357.42826754,1.1411
1622670485160000,0,172.72237325,1.1550
1622670507104000,0,86.49597655,1.1532
1622671866050000,1,310.42275812,1.1387
1622672786229000,1,184.04837406,1.1305
1622672786334000,1,233.37104869,1.1300
1622672786440000,1,16.62895131,1.1300
1622672824598000,1,213.58256357,1.1288
1622673255609000,0,876.76238353,1.1419
1622673255609000,0,436.73558527,1.1428
1622673321248000,0,103.74761833,1.1389
1622673539476000,1,40.00000000,1.1311
1622673540328000,1,330.46168182,1.1310
1622673627062000,1,331.84234801,1.1248
1622673627200000,1,331.87289588,1.1248
1622673627332000,1,227.28475611,1.1248
1622673926836000,1,309.19656747,1.1251
1622674294878000,1,325.35515867,1.1275
1622674661791000,0,58.85874972,1.1416
1622674805517000,1,40.00000000,1.1428
1622674957757000,1,40.00000000,1.1330
1622675161982000,0,330.12997923,1.1376
1622675161986000,0,330.12997923,1.1378
1622675161994000,0,330.12997923,1.1378
1622675161995000,0,330.12997923,1.1378
1622675162662000,0,40.00000000,1.1395
1622675170890000,1,40.00000000,1.1424
1622675246442000,0,40.00000000,1.1454
1622675281104000,0,872.21743854,1.1482
1622675281104000,0,554.00000000,1.1483
1622675281104000,0,557.00000000,1.1484
1622675281104000,0,1563.95492437,1.1486
1622675379553000,1,40.00000000,1.1486
1622675379553000,1,115.38547605,1.1486
1622675441868000,1,40.00000000,1.1473
1622675573973000,1,40.00000000,1.1595
1622675589017000,1,40.00000000,1.1576
1622675819970000,1,324.63778460,1.1571
1622675819970000,1,324.63778460,1.1571
1622675819974000,1,214.22448414,1.1571
1622676610164000,1,323.64526705,1.1581
1622676812947000,1,315.11610241,1.1625
1622677637684000,1,298.49028872,1.1598
