timestamp ms,type,amount,price
1623197095643000,1,88.31388470,0.9555
1623197095655000,1,348.95325500,0.9555
1623197118467000,1,40.00000000,0.9518
1623197176115000,1,350.12447409,0.9467
1623197179704000,1,65.41352317,0.9449
1623197243635000,1,316.32346061,0.9430
1623197246480000,1,303.94279690,0.9400
1623197397757000,1,334.02567917,0.9390
1623197398147000,1,334.02567917,0.9379
1623197398304000,1,219.97432083,0.9379
1623197952248000,1,344.78516180,0.9353
1623198398018000,0,573.00000000,0.9348
1623198416927000,0,563.00000000,0.9351
1623198417545000,0,548.00000000,0.9353
1623198438090000,0,563.00000000,0.9381
1623198447079000,1,545.00000000,0.9380
1623198447217000,1,351.48407823,0.9376
1623198447603000,1,188.51592177,0.9376
1623198447603000,1,547.00000000,0.9375
1623198485299000,1,549.00000000,0.9361
1623198512384000,0,40.00000000,0.9362
1623198540298000,0,40.00000000,0.9376
1623199838552000,0,38.40200000,0.9482
1623199873643000,0,159.90606497,0.9509
1623199954419000,0,1314.68131868,0.9520
1623200132239000,1,322.57085897,0.9492
1623200664631000,0,576.00000000,0.9536
1623200664793000,0,345.40862257,0.9540
1623200664820000,0,188.59137743,0.9540
1623200665085000,0,345.25828661,0.9552
1623200665107000,0,345.25828661,0.9552
1623200665145000,0,585.39325823,0.9552
1623202791296000,1,39.99999999,0.9589
1623204516661000,1,39.99999999,0.9362
1623204517052000,1,568.00000000,0.9352
1623204517052000,1,564.00000000,0.9342
1623204517052000,1,40.00000000,0.9340
1623204517052000,1,322.83909504,0.9340
1623204517052000,1,346.96805928,0.9339
1623204517052000,1,321.97302001,0.9326
1623204517052000,1,3851.14300000,0.9299
1623204517052000,1,2262.22500000,0.9299
1623204517052000,1,9315.52317453,0.9299
1623204517052000,1,2407.32865114,0.9299
1623204517166000,1,530.00000000,0.9358
1623204517168000,1,537.20428899,0.9358
1623204517168000,1,33.79571101,0.9354
1623204517750000,1,579.00000000,0.9361
1623204517750000,1,557.00000000,0.9359
1623204517750000,1,832.95656311,0.9354
1623204560140000,0,80.00000000,0.9360
1623204624726000,0,758.63397949,0.9351
1623204874476000,0,396.51191239,0.9295
1623204888452000,0,793.02382479,0.9307
1623205554617000,0,658.27172956,0.9300
1623205634091000,1,155.89389939,0.9265
1623205752684000,0,662.14391620,0.9298
1623206078212000,0,248.30396858,0.9254
1623206384667000,0,138.05442003,0.9343
1623206384667000,0,344.57966818,0.9343
1623206764904000,0,103.41957285,0.9416
1623206860136000,1,40.00000000,0.9540
1623206967845000,1,119.52926208,0.9521
1623206967851000,1,217.60809412,0.9521
1623206968715000,1,319.71038023,0.9516
1623207010573000,0,581.00000000,0.9524
1623207208549000,0,80.00000000,0.9428
1623207474061000,0,103.03265756,0.9394
1623207474078000,0,40.00000000,0.9395
1623207880805000,1,35.46385000,0.9294
1623208014772000,0,86.18297737,0.9304
1623209201068000,1,539.00000000,0.9474
1623209201074000,0,271.00000000,0.9472
1623209538754000,0,556.00000000,0.9456
1623209613917000,1,39.99999999,0.9599
1623209620203000,1,39.99999999,0.9581
1623209634228000,1,252.61446097,0.9549
1623209634252000,1,307.38553903,0.9549
1623209637584000,1,40.00000000,0.9548
1623209637584000,1,303.75124176,0.9546
1623209637587000,1,217.36956498,0.9546
1623209638232000,1,344.40168052,0.9540
1623209640989000,1,568.00000000,0.9553
1623209678123000,0,80.00000000,0.9560
1623209678123000,0,57.75870292,0.9560
1623209774142000,1,579.00000000,0.9550
1623209774671000,1,560.00000000,0.9546
1623209779494000,1,329.70199572,0.9536
1623209960604000,0,550.00000000,0.9553
1623209961132000,0,558.00000000,0.9555
1623210334843000,1,153.54253268,0.9616
1623210345490000,0,40.00000000,0.9648
1623210659336000,0,496.92963316,0.9700
1623211051592000,1,258.59734276,0.9638
1623211073532000,1,336.75002052,0.9623
1623211073532000,1,306.41165768,0.9621
1623211208235000,0,546.00000000,0.9651
1623211208235000,0,1036.88265217,0.9654
1623211208235000,0,553.00000000,0.9655
1623211208235000,0,850.92458884,0.9659
1623211377904000,0,500.00000000,0.9653
1623211949317000,1,543.00000000,0.9637
1623211949317000,1,409.23397415,0.9637
1623212123008000,0,339.84141110,0.9652
1623215792098000,1,341.44804588,0.9791
1623215792210000,1,207.55195412,0.9791
1623215806426000,1,260.69000000,0.9784
1623215809611000,0,25.03106455,0.9801
1623215845012000,1,259.88000000,0.9796
1623215876337000,1,259.88000000,0.9766
1623216158907000,1,545.00000000,0.9771
1623216158907000,1,554.00000000,0.9768
1623216158907000,1,1022.57107332,0.9767
1623216158907000,1,89.07692668,0.9766
1623216578046000,0,1026.48336399,0.9749
1623216578046000,0,65.66628179,0.9751
1623217653584000,1,73.53236501,0.9644
1623217972762000,1,200.94960651,0.9639
1623217972883000,1,74.56484632,0.9639
1623217972883000,1,688.79525364,0.9637
1623218304436000,1,320.41078185,0.9588
1623219400885000,1,1042.49026910,0.9583
1623219400885000,1,877.00981000,0.9578
1623219400885000,1,80.49992090,0.9576
1623219657371000,1,1040.23850957,0.9601
1623219657371000,1,2559.76149043,0.9599
1623219785899000,1,334.50934350,0.9622
1623219785899000,1,65.49065650,0.9617
1623221012423000,1,195.58225871,0.9670
1623221246132000,0,158.20889444,0.9665
1623221246133000,0,39.99999999,0.9665
1623221246169000,0,40.00000000,0.9669
1623221246468000,0,230.08033856,0.9748
1623221362402000,0,230.08033856,0.9709
1623221655863000,1,73.64000000,0.9731
1623222118619000,1,9509.97927461,0.9650
1623222435902000,1,1000.00000000,0.9716
1623223359562000,1,354.28500167,0.9628
1623223359562000,1,354.28500167,0.9628
1623223389867000,1,350.21872634,0.9596
1623223391612000,1,355.99198407,0.9580
1623223886592000,1,48.97271773,0.9574
1623224313198000,1,329.27108536,0.9580
1623224805153000,0,1041.80281629,0.9607
1623224805153000,0,523.24067680,0.9608
1623225734849000,1,282.77160064,0.9461
1623225736500000,1,301.22839936,0.9461
1623225808405000,1,25.03106455,0.9438
1623225825498000,1,74.43369682,0.9422
1623226427102000,0,40.00000000,0.9566
1623226427102000,0,1046.59558947,0.9567
1623226427102000,0,258.84038088,0.9572
1623226427102000,0,2616.39227863,0.9572
1623226427102000,0,38.17175102,0.9574
1623226630697000,1,336.53549214,0.9542
1623228795457000,1,335.12338088,0.9425
1623228798279000,1,568.00000000,0.9416
1623228798389000,1,137.75870292,0.9410
1623228799229000,1,408.24129708,0.9410
1623230001649000,1,338.37701971,0.9412
1623230703129000,1,120.00000000,0.9548
1623231024299000,0,580.00000000,0.9534
1623231024299000,0,1049.56821473,0.9535
1623231024299000,0,560.00000000,0.9537
1623231024299000,0,541.00000000,0.9539
1623231024299000,0,1769.43178527,0.9540
1623231644777000,0,1055.46280196,0.9482
1623231644777000,0,565.00000000,0.9484
1623231644777000,0,1379.53719804,0.9485
1623233918893000,0,477.25515942,0.9438
1623234245683000,1,555.00000000,0.9466
1623234245683000,1,414.50777683,0.9464
1623236729465000,1,123.38863713,0.9482
1623236861525000,1,53.51990272,0.9493
1623237421293000,0,40.00000000,0.9597
1623237765019000,1,358.22358829,0.9663
1623237765029000,1,215.77641171,0.9663
1623237765029000,1,46.83812911,0.9660
1623237773876000,1,327.03336392,0.9649
1623240836985000,1,40.00000000,0.9674
1623240889158000,1,334.33572165,0.9656
1623242139623000,0,556.00000000,0.9603
1623242139623000,0,562.00000000,0.9605
1623242139623000,0,1042.16993743,0.9606
1623242139623000,0,572.00000000,0.9608
1623242139623000,0,22.86839525,0.9608
1623242992675000,1,543.00000000,0.9501
1623243371361000,0,568.00000000,0.9544
1623243747488000,1,458.01330782,0.9466
1623245338613000,0,135.11571422,0.9498
1623246162332000,0,1058.31765348,0.9458
1623246162332000,0,354.03704705,0.9463
1623246172623000,0,182.58008772,0.9462
1623247169687000,0,578.00000000,0.9482
1623248617672000,0,551.00000000,0.9547
1623248617672000,0,1048.58525248,0.9547
1623248617672000,0,563.00000000,0.9549
1623248617672000,0,2621.46313119,0.9552
1623248617672000,0,222.63053268,0.9560
1623248617672000,0,3828.42010859,0.9560
1623250379909000,1,40.00000000,0.9494
1623250380114000,1,368.20137343,0.9492
1623250384012000,1,368.52871021,0.9483
1623250413360000,1,182.58008772,0.9444
1623250563693000,0,40.00000000,0.9330
1623250648976000,0,569.00000000,0.9335
1623250649491000,0,572.00000000,0.9337
1623250877209000,1,201.82151861,0.9316
1623250943672000,0,547.00000000,0.9371
1623250989087000,1,40.00000000,0.9461
1623251044262000,0,8550.00000000,0.9493
1623251071204000,1,374.17385218,0.9560
1623251071274000,1,185.82614782,0.9560
1623251071695000,1,40.00000000,0.9555
1623251072786000,1,40.00000000,0.9543
1623251072786000,1,37.09220833,0.9543
1623251232664000,0,80.00000000,0.9512
1623251233469000,0,560.00000000,0.9519
1623251234020000,0,7870.00000000,0.9519
1623251299837000,1,539.00000000,0.9524
1623251299837000,1,370.05454175,0.9521
1623251299837000,1,523.00000000,0.9520
1623251299837000,1,1048.75307657,0.9517
1623251299837000,1,373.53792482,0.9512
1623251299837000,1,40.00000000,0.9509
1623251299837000,1,105.65445686,0.9509
1623251302150000,1,540.00000000,0.9521
1623251302150000,1,210.00000000,0.9519
1623251304339000,1,166.00000000,0.9521
1623251304339000,1,21.50000000,0.9521
1623251307060000,1,46.87500000,0.9520
1623252054304000,0,545.00000000,0.9596
1623252334928000,0,563.00000000,0.9594
1623252335439000,0,579.00000000,0.9596
1623252335977000,0,549.00000000,0.9599
1623252585374000,1,568.00000000,0.9616
1623252875251000,1,347.79252457,0.9630
1623253935498000,1,350.87114161,0.9666
1623254132131000,0,545.00000000,0.9655
1623254423372000,1,577.00000000,0.9678
1623254423372000,1,423.00000000,0.9675
1623254467591000,0,579.00000000,0.9698
1623254928957000,1,376.58733801,0.9567
1623254929681000,1,158.02530971,0.9567
1623255127976000,0,35.46629000,0.9579
1623255995218000,0,400.00000000,0.9641
1623256272729000,1,359.08265386,0.9630
1623259241115000,1,73.64000000,0.9729
1623259271702000,1,259.88000000,0.9706
1623259756577000,1,343.89608903,0.9661
1623260656491000,1,23.26598605,0.9653
1623261001767000,1,206.51511348,0.9624
1623261703479000,0,531.00000000,0.9704
1623263806563000,1,326.16157634,0.9500
1623263807035000,1,477.25515942,0.9500
1623263821468000,1,128.60958003,0.9500
1623263821958000,1,546.00000000,0.9499
1623264065275000,1,569.00000000,0.9472
1623264066183000,1,551.00000000,0.9467
1623264066183000,1,40.00000000,0.9453
1623264066183000,1,1056.74785524,0.9450
1623264066183000,1,2642.26513482,0.9443
1623264066183000,1,347.37643361,0.9440
1623264066183000,1,4197.70960127,0.9439
1623264161614000,0,575.00000000,0.9481
1623264212604000,0,314.56937214,0.9489
1623264420850000,0,561.00000000,0.9547
1623264421388000,0,559.00000000,0.9550
1623264693276000,1,576.00000000,0.9502
1623264693284000,1,378.96095837,0.9500
1623264693799000,1,178.03904163,0.9500
1623265088862000,1,571.00000000,0.9477
1623266492502000,0,40.00000000,0.9504
1623266738896000,1,362.89129913,0.9420
1623267245463000,0,40.00000000,0.9460
1623268817778000,0,400.00000000,0.9458
1623270098706000,1,384.69558975,0.9394
1623270098878000,1,7175.30441025,0.9394
1623270098878000,1,3489.03823007,0.9393
1623270098950000,1,560.00000000,0.9393
1623270099383000,1,6150.96176993,0.9393
1623270518315000,0,553.00000000,0.9398
1623271991554000,1,353.57624864,0.9449
1623273229699000,0,353.72456797,0.9488
1623273589968000,0,58.66468390,0.9448
1623274266288000,1,32.50693053,0.9481
1623275874253000,1,362.17236014,0.9479
1623276938494000,0,501.00000000,0.9521
1623280428185000,0,86.83374656,0.9593
1623282447335000,1,1042.37323445,0.9587
1623282447335000,1,336.26760727,0.9583
1623283421138000,1,469.80000000,0.9687
1623283421218000,1,24.32000000,0.9687
1623287896909000,1,73.55000000,0.9728
1623293796651000,1,359.35894737,0.9607
1623294162773000,0,8197.96465537,0.9655
1623294164053000,0,379.28652726,0.9670
1623294446000000,0,380.87542367,0.9714
1623295130578000,1,574.00000000,0.9736
1623295544501000,1,73.51000000,0.9745
1623296472900000,1,1035.67830005,0.9646
1623296472900000,1,481.15163322,0.9646
1623300896421000,1,541.00000000,0.9533
1623302327889000,1,238.48975610,0.9542
1623302879757000,1,548.00000000,0.9507
1623302880351000,1,562.00000000,0.9505
1623302880814000,1,579.00000000,0.9503
1623303138797000,1,234.18343800,0.9478
1623305357468000,1,371.98489418,0.9528
1623306690769000,0,2628.87321428,0.9630
1623306804988000,0,580.00000000,0.9682
1623308443116000,0,378.69734390,0.9707
1623308443139000,0,378.73088692,0.9707
1623308443146000,0,172.56025392,0.9721
1623308443146000,0,206.17063300,0.9722
1623308443152000,0,378.73088692,0.9722
1623308443160000,0,378.73088692,0.9722
1623308443160000,0,378.73088692,0.9722
1623308443161000,0,378.73088692,0.9722
1623308443161000,0,378.73088692,0.9722
1623308443320000,0,1253.21729727,0.9708
1623308443320000,0,3130.71657933,0.9721
1623308453887000,1,375.63770104,0.9757
1623308453922000,1,375.63770104,0.9757
1623308453971000,1,184.09898756,0.9756
1623308454063000,1,375.74556131,0.9751
1623308454078000,1,84.84450619,0.9751
1623308454078000,1,184.10300027,0.9751
1623308454216000,1,366.42503819,0.9736
1623308454217000,1,197.57496181,0.9736
1623308454511000,0,102.71158587,0.9736
1623308536256000,0,559.00000000,0.9766
1623308536504000,0,555.00000000,0.9768
1623308612563000,1,73.41000000,0.9791
1623308644754000,1,258.00000000,0.9793
1623308646979000,0,25.03106455,0.9801
1623308646979000,0,177.87477814,0.9809
1623308804954000,1,257.73000000,0.9808
1623308884616000,1,257.20000000,0.9836
1623308914837000,1,256.94000000,0.9809
1623308930077000,1,560.00000000,0.9808
1623309164242000,1,48.60758679,0.9772
1623309982735000,1,199.99999999,0.9681
1623309987907000,1,0.00000001,0.9681
1623310765957000,1,1036.02327773,0.9644
1623310765957000,1,1965.79714667,0.9642
1623311356724000,0,358.84658445,0.9679
1623311356724000,0,142.71501149,0.9681
1623311357196000,0,142.71501149,0.9681
1623312260926000,1,382.14629156,0.9625
1623312260927000,1,176.18301482,0.9625
1623312889099000,0,48.20444271,0.9755
1623313620384000,1,362.20344085,0.9752
1623314297961000,1,368.07685077,0.9627
1623314753022000,1,382.39565459,0.9505
1623314753075000,1,35.57005000,0.9505
1623314753308000,1,576.00000000,0.9498
1623314753308000,1,410.95272455,0.9495
1623314753308000,1,362.70307531,0.9495
1623314753308000,1,143.74782064,0.9495
1623315185858000,1,48.20444271,0.9533
1623315767428000,1,407.24312064,0.9535
1623315832658000,1,382.39739468,0.9498
1623315832658000,1,186.60260532,0.9498
1623315832658000,1,195.79478936,0.9485
1623315832660000,1,210.69378133,0.9485
1623315832660000,1,171.70361335,0.9479
1623315832723000,1,845.20624994,0.9479
1623315832737000,1,459.47198640,0.9462
1623316295410000,1,25.03106455,0.9438
1623316560825000,0,48.25597598,0.9429
1623317006987000,1,378.91809723,0.9439
1623317007018000,1,363.63347632,0.9438
1623317154475000,1,265.20134085,0.9422
1623317318871000,0,40.00000000,0.9451
1623317483219000,0,562.00000000,0.9534
1623317514562000,1,262.08197924,0.9540
1623317634565000,1,262.08197924,0.9546
1623317704692000,0,40.00000000,0.9590
1623317754657000,1,261.40509029,0.9614
1623318603580000,1,68.42225593,0.9614
1623319399059000,0,392.77956606,0.9703
1623319399084000,0,392.85121792,0.9703
1623319489067000,0,571.00000000,0.9709
1623319490400000,0,572.00000000,0.9717
1623319694895000,0,96.40727630,0.9756
1623319695438000,0,273.22085869,0.9756
1623321978797000,1,563.00000000,0.9720
1623321999767000,1,553.00000000,0.9708
1623322411259000,1,48.25597598,0.9689
1623322610531000,0,1032.64238632,0.9690
1623322610531000,0,357.82437196,0.9692
1623322610531000,0,556.00000000,0.9694
1623322610531000,0,2582.85655005,0.9694
1623322610531000,0,3616.14743510,0.9696
1623322610531000,0,589.00000000,0.9696
1623322610531000,0,289.84730151,0.9697
1623322610531000,0,1332.61653055,0.9697
1623323398687000,0,35.56973000,0.9722
1623326408153000,1,375.49863756,0.9674
1623326781151000,0,48.06853796,0.9630
1623332084165000,1,393.55574067,0.9530
1623332084170000,1,393.55574067,0.9530
1623333297755000,1,393.34192342,0.9604
1623333297858000,1,377.64036281,0.9604
1623334087213000,1,135.11571422,0.9623
1623334146809000,1,582.00000000,0.9548
1623334733462000,1,52.73607663,0.9468
1623336620145000,1,382.97001623,0.9351
1623336620555000,1,149.02998377,0.9351
1623336620555000,1,250.97001623,0.9348
1623336900068000,0,545.00000000,0.9448
1623337010651000,1,116.03228030,0.9407
1623337010688000,1,392.74957649,0.9407
1623337011142000,1,66.21814321,0.9407
1623337734151000,1,36.53860000,0.9419
1623337734151000,1,427.13992720,0.9419
1623337758396000,0,205.34208909,0.9438
1623340003076000,0,28.52000000,0.9256
1623340562194000,1,140.06098505,0.9326
1623340812816000,0,570.00000000,0.9321
1623340992203000,1,394.86352828,0.9362
1623340992211000,1,26.95831155,0.9362
1623341154740000,1,392.58698098,0.9286
1623341154740000,1,540.00000000,0.9280
1623341154740000,1,392.22802562,0.9279
1623341154740000,1,262.82273611,0.9278
1623341167546000,1,162.67753002,0.9262
1623341167582000,1,369.32246998,0.9262
1623341235686000,1,397.92272666,0.9224
1623341235823000,1,32.46405498,0.9224
1623342547951000,1,367.27967832,0.9295
1623345133742000,0,567.00000000,0.9222
1623346188118000,1,393.40753664,0.9229
1623346188210000,1,11.21062094,0.9229
1623346245725000,1,59.21028443,0.9201
1623346245739000,1,0.00000001,0.9201
1623346353844000,0,1319.04932738,0.9236
1623346364412000,0,1317.27749152,0.9247
1623346365325000,0,1317.27749152,0.9250
1623346365325000,0,569.00000000,0.9250
1623346420742000,0,18.00000000,0.9252
1623346421296000,0,577.00000000,0.9257
1623347039829000,1,572.00000000,0.9329
1623347040793000,1,557.00000000,0.9325
1623348853454000,1,362.10598040,0.9379
1623350795177000,1,358.20907343,0.9361
1623351787916000,1,1058.77015417,0.9398
1623352138513000,1,390.46943821,0.9345
1623354346284000,1,205.34208909,0.9301
1623354466462000,0,554.00000000,0.9353
1623355339625000,1,307.23746740,0.9271
1623355339736000,1,269.76253260,0.9271
1623355624794000,1,25.03106455,0.9181
1623355885658000,0,576.00000000,0.9184
1623356245815000,1,392.65655831,0.9140
1623356245935000,1,186.34344169,0.9140
1623356245935000,1,209.45437216,0.9132
1623356245935000,1,373.36536588,0.9131
1623356245935000,1,523.63593039,0.9125
1623356245935000,1,119.55559041,0.9123
1623356299401000,0,1327.39619675,0.9162
1623356529739000,0,114.59079362,0.9213
1623356529826000,0,246.56257293,0.9213
1623356529826000,0,41.26253810,0.9222
1623357541365000,0,245.99998913,0.9193
1623357673023000,1,271.94900412,0.9208
1623357817043000,1,540.99996738,0.9235
1623358024345000,0,556.00000000,0.9318
1623358779689000,0,1452.42083470,0.9396
1623360377619000,1,376.84508725,0.9378
1623363495413000,1,360.83405740,0.9469
1623364038997000,0,266.16175600,0.9388
1623364298634000,1,362.48703005,0.9340
1623365189934000,0,36.53570000,0.9388
1623367388177000,0,546.00000000,0.9380
1623369440185000,1,566.00000000,0.9305
