timestamp ms,type,amount,price
1621987311722000,1,508.26182887,0.98
1621987312240000,1,378.93445061,0.98
1621987541474000,0,380.95057091,0.99
1621987752131000,1,936.82567346,0.98
1621987882724000,0,582.00000000,0.98
1621987882724000,0,346.63891500,0.98
1621987973206000,1,359.56861687,0.97
1621988201055000,0,307.31102850,0.98
1621988412253000,1,388.49189871,0.98
1621988529476000,0,40.00000000,0.98
1621988550646000,1,177.39044928,0.98
1621988550657000,1,0.00000001,0.98
1621989481955000,0,10231.34955101,0.98
1621989482512000,0,1503.54145203,0.98
1621989696352000,1,2233.02278964,0.97
1621989703210000,1,44.75811295,0.97
1621989703241000,1,390.22985436,0.97
1621989703391000,1,1801.53538864,0.97
1621989730692000,1,6964.98086052,0.97
1621990394054000,0,556.99997501,0.98
1621990394833000,1,467.83625736,0.98
1621990394833000,1,340.30222471,0.98
1621990394833000,1,385.58985030,0.98
1621990395010000,0,254.96498812,0.98
1621991173161000,0,173.12434838,1.00
1621991316851000,1,100.48301201,1.00
1621991325091000,0,169.43775299,1.00
1621991445745000,0,295.19878051,1.00
1621991481258000,0,26.79492698,1.01
1621991573848000,1,40.00000000,1.00
1621991581402000,1,381.79314608,1.00
1621991646046000,0,40.00000000,1.00
1621992177277000,0,1884.91078151,1.01
1621992250490000,1,379.48428419,1.01
1621992251668000,1,182.51571581,1.01
1621992486617000,1,9883.44803207,1.01
1621992692889000,0,139.64741230,1.01
1621992803747000,1,40.00000000,1.01
1621992964229000,1,342.57378483,1.01
1621993205956000,1,300.00000000,1.01
1621993277421000,0,40.00000000,1.01
1621994776074000,0,195.48622310,1.02
1621995079634000,1,40.00000000,1.03
1621995171181000,1,243.52942322,1.02
1621995525692000,0,8977.85378144,1.03
1621995651476000,1,241.80755987,1.03
1621995794609000,0,187.51566380,1.03
1621995794609000,0,19.62384626,1.03
1621995891663000,1,241.74676542,1.03
1621996501432000,0,569.00000000,1.03
1621996501432000,0,968.39517402,1.03
1621996501432000,0,50.24256869,1.03
1621996733418000,1,4338.01928865,1.03
1621996737189000,1,381.79305717,1.03
1621996745253000,1,3960.17028744,1.03
1621996979292000,1,356.70086607,1.03
1621997175736000,0,463.14164424,1.02
1621997205305000,1,100.00000000,1.02
1621997398715000,0,560.00000000,1.02
1621997398885000,0,9754.43788124,1.02
1621997399520000,0,1365.39802484,1.02
1621997439990000,1,617.97497175,1.02
1621997480782000,1,162.10313163,1.02
1621997481822000,1,382.28240553,1.02
1621997482141000,1,157.52187401,1.02
1621997482352000,1,73.34880815,1.02
1621997482872000,1,1936.30621857,1.02
1621997482938000,1,73.56883024,1.02
1621997498860000,1,306.30110056,1.02
1621997591022000,1,154.49374294,1.02
1621997646324000,1,381.06581190,1.02
1621997692783000,1,244.29330831,1.02
1621997802671000,1,4638.04532320,1.03
1621998239914000,1,368.37639781,1.02
1621998239914000,1,362.40188451,1.02
1621998580010000,0,153.56404354,1.03
1621998656893000,0,1282.96176340,1.03
1621998795793000,0,100.00000000,1.03
1621998993643000,1,347.91388233,1.03
1621999192050000,0,789.62727000,1.03
1621999192600000,0,567.00000000,1.03
1621999541727000,0,593.00000000,1.03
1621999701272000,1,92.56455671,1.03
1621999701273000,1,341.16365028,1.03
1621999701283000,1,536.23724269,1.03
1621999885040000,1,564.00000000,1.03
1621999902618000,0,973.64335467,1.03
1621999902618000,0,558.00000000,1.03
1621999902618000,0,72.43256319,1.03
1622000346051000,0,560.00000000,1.03
1622000346114000,0,1044.07591786,1.03
1622000758713000,0,560.00000000,1.03
1622001263822000,0,544.00000000,1.03
1622001292070000,1,84.31690583,1.03
1622001292152000,1,881.46460097,1.03
1622001292152000,1,538.00000000,1.03
1622001292152000,1,542.09901324,1.03
1622001297467000,1,84.31691000,1.03
1622001455571000,0,965.78149295,1.03
1622001455571000,0,537.99999033,1.03
1622001683600000,1,357.75042071,1.04
1622001928079000,1,226.60810825,1.03
1622002046696000,0,551.00000000,1.03
1622002046875000,1,1059.48013648,1.03
1622002185698000,1,24.98774510,1.02
1622002205118000,0,0.00000490,1.02
1622002402161000,0,356.60190232,1.02
1622002566115000,1,377.89571263,1.02
1622002813542000,0,373.03468047,1.02
1622002872764000,0,972.63524776,1.03
1622002872881000,0,637.84488872,1.03
1622003165092000,0,551.00000000,1.03
1622003165092000,0,786.90826000,1.03
1622003165092000,0,970.18703519,1.03
1622003165092000,0,396.04950426,1.03
1622003205191000,1,2713.18756073,1.03
1622003709651000,0,371.06800389,1.03
1622003817508000,0,368.26928665,1.03
1622003999712000,1,359.40838955,1.04
1622004310507000,1,490.00673626,1.03
1622005133649000,1,25.00000000,1.04
1622005474661000,0,956.05036473,1.05
1622005521190000,0,0.67825911,1.05
1622005521190000,0,300.84143460,1.05
1622005769534000,0,562.26501261,1.05
1622006311322000,0,158.85219668,1.05
1622006339488000,1,40.00000000,1.05
1622006411605000,0,953.06949340,1.05
1622006411605000,0,243.95612519,1.05
1622006419969000,0,953.06949340,1.05
1622006419969000,0,244.04721610,1.05
1622006438438000,0,523.43772953,1.05
1622006442456000,0,429.56752949,1.05
1622006497520000,0,385.74867053,1.05
1622006600867000,0,553.00000000,1.05
1622006603628000,0,552.00000000,1.05
1622006608582000,0,563.00000000,1.05
1622006629235000,0,25.62794225,1.05
1622006646885000,0,350.49507860,1.05
1622006648422000,1,5336.70835305,1.05
1622006873566000,0,150.00000000,1.06
1622007039866000,1,40.00000000,1.06
1622007040987000,1,371.68610047,1.06
1622007081046000,1,40.00000000,1.06
1622007086411000,1,60.23257412,1.06
1622007086729000,0,296.31780192,1.06
1622007086862000,0,554.88986671,1.06
1622007086896000,0,554.88986671,1.06
1622007086915000,0,1573.12930487,1.06
1622007086950000,1,169.52210323,1.06
1622007086950000,1,296.31780192,1.06
1622007403898000,0,283.29136830,1.06
1622007516707000,0,753.41723571,1.06
1622007516707000,0,1884.25664057,1.06
1622007516707000,0,185.01782231,1.06
1622007545137000,0,297.86212996,1.06
1622007625891000,0,445.59970296,1.07
1622007626025000,1,114.40029229,1.07
1622007635588000,0,254.00014766,1.07
1622007643110000,0,112.73487865,1.07
1622007804778000,1,363.91207910,1.07
1622007914459000,1,40.00000000,1.06
1622007920742000,1,40.00000000,1.06
1622007969231000,0,40.00000000,1.06
1622007969231000,0,406.42857152,1.06
1622007969559000,1,571.00000000,1.06
1622007969559000,1,549.00000000,1.06
1622007969559000,1,96.42709602,1.06
1622007970259000,1,574.00000000,1.06
1622007970259000,1,471.57290398,1.06
1622007970259000,1,349.20851096,1.06
1622007970259000,1,542.00000000,1.06
1622007970259000,1,5.49420732,1.05
1622008090577000,0,484.73658158,1.06
1622008096581000,0,575.00000000,1.06
1622008096581000,0,31.88866630,1.06
1622008114240000,0,472.74618257,1.06
1622008144641000,1,40.00000000,1.06
1622008144641000,1,566.88866630,1.06
1622008228977000,1,40.00000000,1.05
1622008264365000,0,40.00000000,1.05
1622008264365000,0,224.63093612,1.05
1622008264662000,1,305.41147905,1.05
1622008505462000,1,40.00000000,1.06
1622008560495000,1,40.00000000,1.05
1622008671989000,1,40.00000000,1.05
1622008755572000,0,58.39279666,1.05
1622008782458000,0,40.00000000,1.05
1622008868457000,1,374.15435594,1.05
1622008870126000,1,40.00000000,1.05
1622008871188000,1,336.22786789,1.05
1622008945799000,0,21.60779560,1.05
1622009045758000,0,40.00000000,1.06
1622009045758000,0,853.77744206,1.06
1622009045758000,0,322.30311858,1.06
1622009060051000,0,568.00000000,1.06
1622009060060000,0,140.07495550,1.06
1622009060068000,0,412.92504450,1.06
1622009060068000,0,36.00873774,1.06
1622009143053000,1,120.00000000,1.05
1622009345364000,1,40.00000000,1.06
1622009570553000,0,40.00000000,1.06
1622009570553000,0,69.38925177,1.06
1622009571097000,0,69.38925177,1.06
1622009713219000,0,848.07429333,1.06
1622009713219000,0,237.05851893,1.06
1622009822830000,0,449.10179640,1.06
1622009842899000,0,30.00000000,1.07
1622009844412000,1,343.55542791,1.06
1622009847015000,1,40.00000000,1.06
1622009861366000,0,846.38771963,1.06
1622009861366000,0,526.09830175,1.06
1622009861822000,0,526.09844904,1.06
1622010088035000,0,21.60779560,1.07
1622010088035000,0,581.18829670,1.07
1622010154479000,0,447.26052936,1.07
1622010154479000,0,747.17834283,1.07
1622010154479000,0,439.71579388,1.07
1622010179518000,0,544.71309524,1.07
1622010380738000,0,532.04435465,1.07
1622010380771000,0,120.55718718,1.07
1622010380870000,1,532.04435465,1.07
1622010436002000,1,40.00000000,1.07
1622010436002000,1,354.25165491,1.07
1622010445622000,0,40.00000000,1.07
1622010465020000,0,558.18565779,1.08
1622010465432000,0,155.21710625,1.08
1622010522443000,0,83.50032083,1.08
1622010538168000,0,557.61542233,1.08
1622010538168000,0,571.00000000,1.08
1622010538168000,0,282.75146622,1.08
1622010555320000,0,230.95063607,1.08
1622010600422000,0,555.25586421,1.08
1622010600422000,0,1388.13966051,1.08
1622010600422000,0,422.72894145,1.08
1622010665072000,1,40.00000000,1.08
1622010780822000,0,752.16466000,1.08
1622010780822000,0,464.90794370,1.08
1622010780822000,0,1117.26347837,1.08
1622010986863000,1,925.36550909,1.08
1622010986863000,1,221.15117062,1.08
1622010989470000,1,286.62916993,1.08
1622010993799000,1,71.65729248,1.08
1622011010066000,0,453.00113256,1.08
1622011119822000,0,461.28309082,1.09
1622011119822000,0,554.00000000,1.09
1622011119822000,0,715.20831337,1.09
1622011276199000,1,349.15757916,1.09
1622011432409000,0,100.00000000,1.09
1622011487064000,1,40.00000000,1.09
1622011489604000,1,40.00000000,1.09
1622011503893000,1,356.67539269,1.09
1622011523961000,1,40.00000000,1.09
1622011561144000,0,461.93554815,1.08
1622011569053000,1,565.00000000,1.08
1622011569053000,1,651.08056064,1.08
1622011640125000,0,461.63670057,1.08
1622011640125000,0,145.72456862,1.08
1622011732193000,1,453.00113256,1.07
1622011732193000,1,351.53923528,1.07
1622011732193000,1,929.64283588,1.07
1622011732193000,1,564.00000000,1.07
1622011732193000,1,569.00000000,1.07
1622011732193000,1,132.81679628,1.07
1622011737505000,0,29.08226773,1.08
1622011759958000,0,362.78370641,1.08
1622011865027000,1,556.00000000,1.08
1622011865027000,1,51.36126919,1.08
1622011866848000,0,40.00000000,1.08
1622012029345000,0,553.04849129,1.09
1622012029345000,0,350.29007379,1.09
1622012066864000,1,40.00000000,1.08
1622012066864000,1,582.00000000,1.08
1622012066864000,1,281.33856508,1.08
1622012110757000,0,552.81284157,1.09
1622012110757000,0,572.00000000,1.09
1622012110757000,0,77.73461484,1.09
1622012243814000,0,308.71124674,1.08
1622012334765000,0,449.94375696,1.08
1622012389991000,0,8838.97965506,1.08
1622012560837000,0,648.68932604,1.08
1622012561612000,0,450.28142592,1.08
1622012561679000,0,324.43042146,1.08
1622012571876000,0,547.00000000,1.08
1622012571876000,0,493.50758256,1.08
1622012575831000,0,648.47341753,1.08
1622012575831000,0,391.86081932,1.08
1622012576359000,0,648.47341753,1.08
1622012576359000,0,133.19737429,1.08
1622012628482000,0,401.74335291,1.08
1622012632337000,0,401.64310828,1.08
1622012632888000,0,202.88491349,1.08
1622012642396000,0,42.56566123,1.08
1622012642396000,0,1230.04849265,1.08
1622012642513000,0,207.50170434,1.08
1622012788520000,0,554.34640377,1.08
1622012788520000,0,610.93612197,1.08
1622012789016000,0,554.34640377,1.08
1622012789016000,0,56.58971820,1.08
1622012796609000,0,554.34640377,1.08
1622012830971000,1,924.49226423,1.08
1622012830971000,1,566.00000000,1.08
1622012830971000,1,568.00000000,1.08
1622012830971000,1,307.63220194,1.08
1622012858190000,0,70.49967176,1.08
1622012992955000,1,211.54311835,1.08
1622013033789000,0,112.87446102,1.08
1622013148055000,0,448.26298104,1.09
1622013148122000,0,104.58368418,1.09
1622013148122000,0,448.26298104,1.09
1622013179897000,0,265.02966273,1.09
1622013180400000,0,96.99969231,1.09
1622013206830000,1,39.99999999,1.09
1622013206846000,1,0.00000001,1.09
1622013331069000,0,1282.96176339,1.09
1622013334053000,0,582.00000000,1.09
1622013334053000,0,1262.35935393,1.09
1622013334591000,0,85.35935393,1.09
1622013392068000,0,458.13384988,1.09
1622013441153000,1,39.99999999,1.09
1622013441153000,1,0.00000001,1.09
1622013520555000,0,460.58457101,1.09
1622013520555000,0,1151.46142751,1.09
1622013520555000,0,568.00000000,1.09
1622013520555000,0,172.01548241,1.09
1622013530622000,1,40.00000000,1.08
1622014019298000,1,362.56509485,1.09
1622014205892000,0,347.51206645,1.09
1622014216089000,0,40.00000000,1.10
1622014282454000,0,62.73314849,1.10
1622014287513000,0,24.51168352,1.10
1622014287513000,0,34.08629235,1.10
1622014287513000,0,100.00000000,1.10
1622014287513000,0,340.44393242,1.10
1622014358821000,1,40.00000000,1.10
1622014358821000,1,345.67804608,1.10
1622014370780000,0,364.75182346,1.10
1622014370780000,0,1.28748911,1.10
1622014375684000,1,40.00000000,1.09
1622014450616000,1,354.88007834,1.09
1622014464439000,0,111.70188999,1.09
1622014733421000,1,918.06769052,1.09
1622014733549000,0,918.06769052,1.09
1622014733663000,0,1561.16735055,1.09
1622014741520000,0,2000.00000000,1.09
1622014821427000,0,40.00000000,1.09
1622014821427000,0,18.09128630,1.09
1622014860439000,0,446.17116803,1.09
1622014958511000,0,88.27993085,1.10
1622015070852000,0,38.47656250,1.10
1622015115112000,0,247.45033225,1.10
1622015118682000,1,40.00000000,1.10
1622015238462000,1,40.00000000,1.09
1622015346380000,0,127.24407981,1.09
1622015369895000,0,69.73200000,1.09
1622015369895000,0,239.76352027,1.09
1622015437450000,0,452.77845216,1.10
1622015524170000,1,40.00000000,1.09
1622015594980000,1,50.00000000,1.09
1622015632063000,0,103.16041192,1.10
1622015829764000,0,243.44444444,1.10
1622015830831000,0,211.48298355,1.10
1622015830831000,0,88.85100935,1.10
1622015831344000,0,88.85100935,1.10
1622015974775000,0,442.96788480,1.10
1622015988313000,0,11.83082515,1.10
1622015988313000,0,114.08131901,1.10
1622016008757000,0,443.13146232,1.10
1622016070798000,1,736.54863000,1.10
1622016071367000,1,40.00000000,1.10
1622016073222000,1,40.00000000,1.10
1622016079718000,1,334.87119531,1.09
1622016084093000,0,40.00000000,1.09
1622016084093000,0,31.56002186,1.09
1622016099609000,0,57.80120673,1.09
1622016140667000,0,63.43743762,1.10
1622016155683000,0,335.95727301,1.10
1622016188312000,0,363.74097348,1.10
1622016210018000,1,40.00000000,1.10
1622016210659000,1,364.16308399,1.10
1622016240125000,1,40.00000000,1.09
1622016240125000,1,354.39583029,1.09
1622016277809000,0,364.70801910,1.10
1622016277809000,0,232.83299014,1.10
1622016308057000,0,366.21268604,1.09
1622016352587000,1,45.96855750,1.09
1622016390874000,0,75.95203589,1.08
1622016392376000,0,40.00000000,1.08
1622016420401000,0,276.49615377,1.09
1622016420401000,0,104.25024866,1.09
1622016420904000,0,116.39028017,1.09
1622016497390000,1,449.10179640,1.07
1622016498014000,1,550.00000000,1.07
1622016498014000,1,652.54745641,1.07
1622016540680000,0,1158.05533960,1.07
1622016552577000,0,569.00000000,1.08
1622016552577000,0,361.58462682,1.08
1622016552577000,0,570.00000000,1.08
1622016552577000,0,543.00000000,1.08
1622016552577000,0,191.78826903,1.08
1622016564476000,0,563.85273912,1.07
1622016673500000,0,449.26993632,1.07
1622016673533000,0,296.36615797,1.07
1622016673641000,1,401.03951567,1.07
1622016752966000,1,565.00000000,1.06
1622016752966000,1,574.00000000,1.06
1622016752966000,1,760.98146000,1.06
1622016752966000,1,452.08002093,1.06
1622016781152000,0,110.00000000,1.07
1622017479480000,1,371.95251001,1.07
1622017693802000,0,242.22513298,1.08
1622017812345000,0,55.37398849,1.08
1622017812345000,0,568.00000000,1.08
1622017812345000,0,566.28436384,1.08
1622017828675000,1,341.19772858,1.08
1622017829826000,1,40.00000000,1.08
1622017902137000,0,297.41458808,1.08
1622017948813000,1,223.06094106,1.08
1622018051051000,0,28.18203339,1.08
1622018487155000,1,40.00000000,1.08
1622018491478000,0,5417.33236018,1.08
1622018533655000,0,40.00000000,1.08
1622018616440000,0,2260.19273820,1.09
1622018616440000,0,40.61235437,1.09
1622018635439000,1,40.00000000,1.08
1622018732291000,1,39.99999999,1.08
1622018732394000,1,0.00000001,1.08
1622018773987000,1,554.00000000,1.08
1622018773987000,1,115.18282319,1.08
1622018806919000,1,371.81487705,1.08
1622018807435000,1,49.25370208,1.08
1622018834344000,1,348.01351452,1.08
1622018894391000,1,156.18613300,1.07
1622019109973000,0,464.10173109,1.08
1622019166232000,0,372.55829505,1.08
1622019166292000,0,533.44170495,1.08
1622019167141000,0,40.00000000,1.08
1622019187709000,0,356.86092690,1.09
1622019362738000,1,40.00000000,1.08
1622019616499000,0,421.06857913,1.09
1622019652324000,0,45.96855750,1.09
1622019697432000,0,27.86074087,1.10
1622019779684000,1,40.00000000,1.09
1622019963749000,0,443.13146232,1.10
1622019971948000,0,196.35262343,1.10
1622019971948000,0,1598.71021437,1.10
1622019971948000,0,204.93716220,1.10
1622020093857000,1,40.00000000,1.09
1622020421731000,0,550.98947503,1.09
1622020685948000,0,566.00000000,1.09
1622020685948000,0,606.24370424,1.09
1622020702750000,0,337.76613887,1.09
1622020973153000,1,75.00000000,1.09
1622021024295000,0,111.60091512,1.09
1622021179509000,1,347.90636732,1.09
1622021328375000,1,40.00000000,1.09
1622021328375000,1,8672.50018850,1.09
1622021329742000,1,40.00000000,1.09
1622021443968000,1,6690.76675280,1.09
1622021510946000,0,92.19416350,1.09
1622021511057000,1,92.19416350,1.09
1622021548822000,1,560.00000000,1.08
1622021592361000,1,92.32148494,1.08
1622021592366000,1,296.18758091,1.08
1622021592449000,1,560.00000000,1.08
1622021592662000,1,148.91627677,1.08
1622021692251000,1,100.00000000,1.08
1622021692710000,1,463.00000000,1.08
1622021692710000,1,565.00000000,1.08
1622021692710000,1,69.24370424,1.08
1622021715192000,1,100.00000000,1.08
1622021776251000,0,242.13767768,1.08
1622022118089000,1,262.98412190,1.08
1622022375514000,0,358.98085263,1.09
1622022810053000,1,20.00000000,1.09
1622022908403000,1,338.52369024,1.10
1622022910986000,0,375.50186144,1.10
1622023134545000,0,581.00000000,1.09
1622023134545000,0,288.29238924,1.09
1622023135785000,1,40.00000000,1.09
1622023135785000,1,360.77547482,1.09
1622023189053000,1,343.93554317,1.08
1622023560708000,1,541.00000000,1.08
1622023560708000,1,110.96929193,1.08
1622023588721000,1,70.00000000,1.08
1622023637657000,1,39.99999999,1.07
1622023641514000,1,375.50186144,1.07
1622023642962000,1,546.00000000,1.07
1622023642962000,1,546.00000000,1.07
1622023642962000,1,560.37205046,1.07
1622023649735000,0,566.00000000,1.07
1622023649764000,0,567.00000000,1.07
1622023651050000,0,148.39104692,1.07
1622023653378000,1,162.99232298,1.07
1622023654187000,1,50.28124190,1.07
1622023661285000,1,27.16538716,1.07
1622023702595000,0,40.00000000,1.07
1622023702595000,0,17.14182829,1.07
1622023775570000,0,361.17363805,1.07
1622024103109000,0,40.00000000,1.07
1622024156112000,1,354.12477012,1.07
1622024358914000,0,544.00000000,1.08
1622024358914000,0,25.12145504,1.08
1622024626941000,1,558.00000000,1.07
1622024626941000,1,38.28684221,1.07
1622024915712000,1,372.11217739,1.06
1622024915730000,1,348.14019419,1.06
1622025012110000,0,687.54488172,1.07
1622025229215000,1,40.00000000,1.06
1622025234810000,1,371.13075847,1.06
1622025289035000,1,447.26052936,1.06
1622025289084000,1,112.73947064,1.06
1622025290182000,0,257.92830099,1.06
1622026112526000,1,343.44943995,1.09
1622026131592000,1,40.00000000,1.08
1622026131592000,1,311.47143973,1.08
1622026327139000,0,560.00000000,1.09
1622026327188000,0,3776.25009425,1.09
1622026445747000,0,150.26415680,1.09
1622026445839000,0,150.26412026,1.09
1622026462713000,0,49.20562454,1.10
1622026504819000,0,548.31235982,1.09
1622026504819000,0,128.49709067,1.09
1622026640258000,1,329.17175014,1.10
1622026685289000,1,309.76095619,1.09
1622026685289000,1,40.00000000,1.09
1622026685823000,1,309.76093067,1.09
1622026691893000,0,40.00000000,1.09
1622026732598000,0,54.93218524,1.09
1622026806169000,1,341.25598402,1.10
1622026827799000,1,4196.66597542,1.10
1622026831369000,1,341.41956231,1.10
1622026869335000,1,39.99999999,1.09
1622026869367000,1,0.00000001,1.09
1622026903981000,1,341.58084220,1.09
1622026972852000,1,338.40472524,1.09
1622026983433000,1,364.08986940,1.08
1622027172161000,0,458.62188685,1.09
1622027208783000,0,156.16777446,1.09
1622027387459000,0,552.65348788,1.09
1622027387490000,0,377.90295199,1.09
1622027387502000,0,156.09704801,1.09
1622027387502000,0,40.00000000,1.09
1622027387502000,0,374.90295199,1.09
1622027388141000,1,440.25008986,1.09
1622027403069000,0,166.08527845,1.09
1622027403094000,1,546.00000000,1.09
1622027403284000,1,376.42039155,1.09
1622027472500000,0,96.19585003,1.09
1622027499665000,1,39.99999999,1.09
1622027518800000,0,40.00000000,1.10
1622027556152000,0,40.00000000,1.11
1622027573545000,1,188.85870328,1.11
1622027579370000,1,40.00000000,1.11
1622027579921000,1,40.00000000,1.11
1622027589603000,0,40.00000000,1.12
1622027589856000,0,156.16777446,1.12
1622027600995000,0,551.00000000,1.12
1622027600995000,0,564.35903191,1.12
1622027611064000,1,66.52547652,1.12
1622027619883000,1,40.00000000,1.12
1622027620849000,1,40.00000000,1.12
1622027633133000,0,40.00000000,1.12
1622027648361000,0,427.50267192,1.12
1622027668881000,1,40.00000000,1.12
1622027668881000,1,720.48576000,1.12
1622027672273000,1,372.36147058,1.12
1622027672552000,0,540.99999109,1.12
1622027728167000,0,40.00000000,1.13
1622027758301000,0,66.52547652,1.13
1622027761773000,1,560.00000000,1.13
1622027763743000,1,40.00000000,1.13
1622027763863000,1,71.86206379,1.13
1622027763910000,1,266.63758179,1.13
1622027763919000,1,40.00000000,1.13
1622027763919000,1,224.50035442,1.13
1622027763919000,1,86.64639891,1.13
1622027767365000,1,40.00000000,1.13
1622027769263000,1,348.50721055,1.12
1622027771776000,1,14.00611903,1.12
1622027886296000,0,80.00000000,1.12
1622027931077000,0,40.00000000,1.13
1622027931077000,0,538.00000000,1.13
1622027931077000,0,576.00000000,1.13
1622027931077000,0,709.96064172,1.13
1622027937987000,0,113.17046684,1.13
1622028158574000,1,337.28747748,1.12
1622028178088000,0,237.86932822,1.12
1622028246364000,1,334.85079231,1.11
1622028258880000,1,90.51187592,1.11
1622028302487000,0,40.00000000,1.10
1622028304564000,0,324.52584331,1.11
1622028304667000,1,235.47414640,1.11
1622028501139000,0,41.63695205,1.11
1622028532513000,1,299.99998900,1.11
1622028543564000,0,45.94895358,1.11
1622028748482000,0,560.00000000,1.11
1622028748494000,0,8990.02008731,1.11
1622028749000000,0,4249.97996269,1.11
1622029119292000,0,50.00000000,1.12
1622029678451000,1,264.62133754,1.11
1622029838047000,0,114.68587664,1.11
1622029839145000,0,576.00000000,1.11
1622029839145000,0,226.27001461,1.11
1622029839145000,0,900.56285858,1.11
1622029839145000,0,2252.51128207,1.11
1622029839145000,0,545.00000000,1.11
1622029843080000,0,563.00000000,1.11
1622029843080000,0,810.44270153,1.11
1622029843502000,0,90.12015705,1.11
1622029843502000,0,720.32085519,1.11
1622030029267000,0,805.98080630,1.12
1622030193844000,0,156.07286290,1.12
1622030219410000,0,571.82064961,1.12
1622030356150000,1,322.09308184,1.13
1622030392294000,1,347.22873823,1.12
1622030445008000,0,22.21649530,1.13
1622030454602000,0,186.16194877,1.12
1622030455946000,0,58.14990952,1.12
1622030485565000,1,40.00000000,1.12
1622030485565000,1,331.93799131,1.12
1622030695437000,0,114.39563691,1.12
1622030707496000,0,322.35260044,1.12
1622030814575000,0,334.70486185,1.13
1622030814575000,0,68.85059272,1.13
1622030891360000,0,207.93439440,1.13
1622030902335000,1,80.00000000,1.13
1622031074526000,0,54.10378764,1.14
1622031079021000,1,40.00000000,1.13
1622031127418000,0,40.00000000,1.13
1622031257963000,1,561.00000000,1.13
1622031257963000,1,881.26395885,1.13
1622031257963000,1,574.00000000,1.13
1622031258072000,0,3096.53351304,1.13
1622031267014000,1,40.00000000,1.13
1622031399892000,0,40.00000000,1.13
1622031625910000,0,880.26528920,1.14
1622031625910000,0,559.00000000,1.14
1622031625910000,0,805.65308424,1.14
1622031685398000,1,40.00000000,1.13
1622031685398000,1,352.63855614,1.13
1622031685398000,1,33.34653434,1.13
1622031685527000,1,40.00000000,1.13
1622031714241000,0,782.77678389,1.13
1622031776695000,0,77.81733581,1.13
1622031815426000,0,191.51712744,1.14
1622031847650000,1,256.31345429,1.13
1622031857915000,0,40.00000000,1.13
1622031857915000,0,882.27992350,1.13
1622031857915000,0,352.33354154,1.13
1622031857915000,0,2206.00699973,1.13
1622031857915000,0,147.59211348,1.14
1622031888713000,0,1145.04111556,1.13
1622031888969000,0,840.36374974,1.13
1622031889020000,0,0.00001769,1.13
1622031889123000,0,793.87326383,1.13
1622031889125000,0,0.00002214,1.13
1622031889125000,0,933.34052829,1.14
1622031889260000,1,111.13890231,1.13
1622031889278000,0,1847.05404349,1.14
1622031889300000,0,275.35622447,1.14
1622031889787000,1,543.99997850,1.14
1622031891047000,0,794.20257142,1.13
1622032013061000,1,543.99995566,1.13
1622032029967000,1,340.98552013,1.13
1622032637107000,0,331.08949313,1.13
1622032637177000,0,0.23627669,1.13
1622032637177000,0,34.90501363,1.13
1622032678606000,1,80.45280391,1.13
1622032693953000,1,220.51689159,1.13
1622032814178000,1,221.01792013,1.13
1622032938106000,0,219.31556000,1.14
1622032979029000,1,40.00000000,1.14
1622032979029000,1,99.41987899,1.14
1622033054465000,0,219.16943550,1.14
1622033174290000,1,219.10988799,1.14
1622033260240000,0,99.99527359,1.14
1622033294363000,1,219.61804030,1.14
1622033390531000,1,195.48622310,1.13
1622033414426000,1,220.10917415,1.13
1622033446190000,0,153.78306155,1.13
1622033492612000,0,85.60308236,1.13
1622033534547000,1,220.68819406,1.13
1622033543673000,0,247.86124378,1.13
1622033714378000,0,40.00000000,1.12
1622033827303000,0,162.37280796,1.13
1622033866395000,0,178.08170388,1.12
1622033964320000,0,430.41606888,1.12
1622033964839000,0,14.81227742,1.12
1622033964852000,0,441.60987886,1.12
1622033964954000,1,430.41606888,1.12
1622034063688000,0,335.35199781,1.12
1622034142838000,1,40.00000000,1.11
1622034143630000,1,40.00000000,1.11
1622034143630000,1,517.67951596,1.11
1622034147017000,0,27.18218783,1.11
1622034156781000,0,141.25072025,1.11
1622034168524000,0,452.20530075,1.11
1622034168524000,0,105.38153537,1.11
1622034204969000,0,40.00000000,1.11
1622034204969000,0,361.16833317,1.11
1622034204969000,0,903.08998877,1.11
1622034204969000,0,538.00000000,1.11
1622034207865000,1,569.00000000,1.11
1622034207865000,1,548.09719333,1.11
1622034343068000,1,552.06096356,1.10
1622034438115000,1,95.32986993,1.10
1622034438301000,1,178.08170388,1.10
1622034540539000,1,360.00063563,1.10
1622034540564000,1,105.46310834,1.10
1622034540869000,1,314.14594414,1.10
1622034544436000,1,338.40472525,1.10
1622034569010000,1,207.06830759,1.10
1622034606201000,0,40.00000000,1.10
1622034609528000,0,206.55844699,1.10
1622034624931000,0,434.15340096,1.10
1622034709013000,1,340.18879318,1.10
1622034726088000,1,230.47760239,1.09
1622034775233000,1,437.15847000,1.09
1622034805270000,0,243.78902765,1.09
1622034841174000,0,365.86836954,1.09
1622034841207000,0,435.09789696,1.09
1622034841320000,0,105.90210304,1.09
1622034841483000,1,122.78360315,1.09
1622034841483000,1,571.00000000,1.09
1622034965414000,1,40.00000000,1.09
1622034982657000,1,352.85452696,1.09
1622035151039000,1,122.16349198,1.08
1622035243861000,1,365.83097331,1.07
1622035243863000,1,365.83097331,1.07
1622035243870000,1,5.94869741,1.07
1622035271748000,1,353.19938298,1.07
1622035273555000,1,332.71812951,1.07
1622035302355000,0,40.00000000,1.07
1622035424713000,0,374.17900121,1.07
1622035424713000,0,67.48459831,1.07
1622035424725000,0,374.17900121,1.07
1622035424843000,1,131.21677000,1.07
1622035424843000,1,242.96223121,1.07
1622035425076000,0,441.66359952,1.07
1622035433809000,0,560.00000000,1.07
1622035433847000,0,3662.91999867,1.07
1622035556180000,1,560.00000000,1.07
1622035556180000,1,930.78065698,1.07
1622035556180000,1,528.00000000,1.07
1622035556180000,1,226.13771646,1.07
1622035575721000,1,566.00000000,1.07
1622035575721000,1,9.99998139,1.07
1622035575725000,0,440.85231456,1.07
1622035577133000,0,1072.95591600,1.08
1622035643229000,1,40.00000000,1.07
1622035643229000,1,215.71955212,1.07
1622035643365000,1,221.24254230,1.07
1622035792330000,1,362.60873653,1.07
1622035826137000,0,116.60773699,1.08
1622035877975000,0,50.00000000,1.08
1622036148251000,1,925.92120075,1.08
1622036148251000,1,86.02168133,1.08
1622036151229000,1,505.97144104,1.08
1622036157108000,0,359.89550540,1.08
1622036231378000,1,330.19693091,1.07
1622036250174000,1,131.21677000,1.07
1622036352984000,1,367.67519534,1.06
1622036352987000,1,284.49147808,1.06
1622036384816000,1,337.63917277,1.06
1622036387713000,1,355.17763510,1.06
1622036408516000,0,40.00000000,1.06
1622036423305000,1,445.59970296,1.06
1622036558757000,1,574.00000000,1.06
1622036558757000,1,340.04253675,1.06
1622036558757000,1,939.57106964,1.06
1622036558757000,1,31.29717512,1.06
1622036657005000,1,234.90719367,1.07
1622036743228000,1,40.00000000,1.07
1622036769776000,0,559.00000000,1.07
1622036769776000,0,543.00000000,1.07
1622036769776000,0,938.82464343,1.07
1622036769776000,0,575.00000000,1.07
1622036769776000,0,1145.79882384,1.07
1622036769776000,0,2060.63587852,1.07
1622036809761000,1,249.06815287,1.06
1622036809764000,1,0.00000001,1.06
1622036963778000,0,1064.60690800,1.06
1622037020562000,1,119.97025323,1.07
1622037081026000,1,337.08388733,1.06
1622037153320000,0,4222.91999867,1.06
1622037166325000,1,85.00113844,1.06
1622037175569000,1,445.10385768,1.06
1622037283689000,1,546.00000000,1.06
1622037383691000,1,430.89285980,1.05
1622037383798000,0,129.10714020,1.05
1622037385226000,1,129.10712132,1.05
1622037386773000,0,666.50172354,1.05
1622037386824000,0,0.00000002,1.05
1622037386906000,1,560.00000000,1.05
1622037387057000,1,106.50170548,1.05
1622037389036000,1,326.19740576,1.05
1622037389036000,1,22.01904761,1.05
1622037407674000,0,560.00000000,1.05
1622037452323000,1,250.92221016,1.05
1622037452323000,1,368.81374230,1.05
1622037452490000,1,370.62396847,1.05
1622037452493000,1,281.77377796,1.05
1622037452849000,1,250.92221016,1.05
1622037484559000,1,104.74591941,1.05
1622037509991000,0,24.97214992,1.05
1622037591005000,1,355.25591796,1.04
1622037591005000,1,542.00000000,1.04
1622037591005000,1,955.65419108,1.04
1622037591005000,1,447.89498353,1.04
1622037625782000,0,2000.00000000,1.05
1622037808874000,1,40.00000000,1.06
1622037808874000,1,336.26516488,1.06
1622037814428000,1,39.99999999,1.06
1622037814506000,1,0.00000001,1.06
1622037816855000,1,39.99999999,1.05
1622037816918000,1,0.00000001,1.05
1622037868979000,1,368.84457133,1.06
1622037871167000,1,221.99268533,1.06
1622037871167000,1,362.47325138,1.06
1622037947208000,0,40.00000000,1.06
1622037947208000,0,460.00000000,1.06
1622037951488000,1,147.35751873,1.05
1622037951488000,1,221.31101379,1.05
1622037951635000,1,147.10366156,1.05
1622037971608000,0,40.00000000,1.05
1622037982471000,1,350.95366394,1.05
1622037982471000,1,93.82024270,1.05
1622037983872000,1,24.14091332,1.05
1622037983872000,1,294.93097603,1.05
1622037983872000,1,727.94794593,1.05
1622037984905000,1,111.47023398,1.05
1622037984905000,1,3370.56280941,1.05
1622037986176000,1,201.03041950,1.05
1622038010043000,1,444.77390664,1.05
1622038013947000,1,110.22609336,1.05
1622038013947000,1,153.25988951,1.05
1622038034466000,0,40.00000000,1.05
1622038035899000,0,2912.78475227,1.05
1622038036984000,1,200.85319940,1.05
1622038037773000,1,40.00000000,1.05
1622038037773000,1,156.18404117,1.05
1622038049321000,0,577.00000000,1.05
1622038065271000,0,95.16876492,1.05
1622038093228000,0,1161.35861003,1.05
1622038093228000,0,1161.42430513,1.05
1622038103790000,1,39.99999999,1.05
1622038106150000,0,575.00000000,1.05
1622038154548000,0,40.00000000,1.06
1622038154548000,0,1156.44199860,1.06
1622038163303000,0,538.00000000,1.06
1622038165072000,0,556.00000000,1.06
1622038165072000,0,547.00000000,1.06
1622038165072000,0,545.00000000,1.06
1622038165072000,0,560.00000000,1.06
1622038165072000,0,164.88734717,1.06
1622038188000000,1,40.00000000,1.06
1622038205774000,1,40.00000000,1.06
1622038205774000,1,208.07258663,1.06
1622038205774000,1,120.66955206,1.06
1622038205919000,1,87.54482101,1.06
1622038205919000,1,520.53593268,1.06
1622038208120000,1,208.00950404,1.06
1622038208120000,1,520.53593268,1.06
1622038212447000,0,40.00000000,1.06
1622038273852000,1,346.19244963,1.06
1622038275542000,1,174.60921701,1.06
1622038276071000,1,174.60921701,1.06
1622038276071000,1,434.12447870,1.06
1622038276071000,1,367.05640600,1.06
1622038447355000,1,344.80990699,1.06
1622038471242000,1,120.37012019,1.05
1622038488105000,1,368.91847267,1.05
1622038488113000,1,46.70379908,1.05
1622038488125000,1,341.39915784,1.05
1622038501112000,1,443.45898000,1.05
1622038502739000,0,40.00000000,1.06
1622038530156000,0,473.13290963,1.06
1622038534313000,1,343.16190119,1.06
1622038545575000,0,474.15604722,1.06
1622038545575000,0,1185.40394547,1.06
1622038546515000,1,100.12119737,1.05
1622038546515000,1,77.23239060,1.05
1622038608679000,0,472.48894358,1.06
1622038650129000,0,471.68578604,1.06
1622038779451000,0,376.20683276,1.06
1622038829312000,0,376.62917777,1.06
1622038829312000,0,563.00000000,1.06
1622038829312000,0,941.52823971,1.06
1622038829312000,0,379.63867426,1.06
1622038950709000,0,376.30974886,1.06
1622038950709000,0,66.33134306,1.06
1622038950846000,0,834.88925114,1.06
1622038950853000,1,376.30974886,1.06
1622039040322000,0,375.01519044,1.07
1622039040322000,0,835.95757688,1.07
1622039173194000,1,40.00000000,1.07
1622039190130000,1,40.00000000,1.07
1622039216627000,0,375.16693562,1.07
1622039216627000,0,776.02424269,1.07
1622039275152000,1,551.00000000,1.06
1622039285821000,0,560.00000000,1.06
1622039286289000,0,1261.88734717,1.06
1622039358580000,0,876.38808297,1.06
1622039358634000,0,63.93576690,1.06
1622039358634000,0,40.00000000,1.06
1622039358634000,0,338.05318334,1.06
1622039358738000,0,376.01940253,1.06
1622039358738000,0,21.92117896,1.06
1622039358741000,0,956.53279102,1.06
1622039358748000,0,223.46357516,1.07
1622039358859000,1,65.96954771,1.06
1622039359366000,1,920.64426380,1.07
1622039359366000,1,352.53642484,1.07
1622039425442000,1,40.00000000,1.06
1622039431729000,1,40.00000000,1.06
1622039487520000,0,40.00000000,1.06
1622039496255000,1,542.00000000,1.06
1622039496255000,1,321.39338373,1.06
1622039508738000,0,549.00000000,1.06
1622039508738000,0,313.92474505,1.06
1622039534499000,0,223.67901223,1.07
1622039535292000,0,40.00000000,1.07
1622039822116000,0,343.91603804,1.07
1622039831201000,1,39.99999999,1.06
1622039836353000,1,40.00000000,1.06
1622039951976000,1,39.99999999,1.07
1622039952274000,1,0.00000001,1.07
1622040003959000,0,40.00000000,1.07
1622040005088000,1,40.00000000,1.07
1622040031562000,0,40.00000000,1.07
1622040072388000,1,40.00000000,1.07
1622040076969000,1,53.90340037,1.07
1622040076969000,1,53.90340037,1.07
1622040078731000,1,52.88921602,1.07
1622040078731000,1,77.45428142,1.07
1622040079063000,1,40.00000000,1.06
1622040079187000,1,149.04086025,1.06
1622040134959000,0,70.02700000,1.07
1622040137218000,1,549.99997200,1.07
1622040397344000,0,3370.56280942,1.07
1622040514615000,0,165.58692502,1.07
1622040515536000,0,390.41307498,1.07
1622040526713000,0,935.02710805,1.07
1622040551124000,1,39.99999999,1.07
1622040551126000,1,0.00000001,1.07
1622040551915000,1,40.00000000,1.07
1622040633915000,1,317.12977582,1.07
1622040633915000,1,545.91212890,1.07
1622040638232000,1,287.68063491,1.07
1622040675064000,0,567.00000000,1.07
1622040675064000,0,577.46027976,1.07
1622040747041000,1,367.13387679,1.07
1622040747269000,1,157.01240540,1.07
1622040752745000,1,40.00000000,1.06
1622040789789000,0,40.00000000,1.07
1622040927333000,1,340.29545016,1.07
1622041383428000,1,5481.05237524,1.07
1622041384594000,1,367.06398130,1.06
1622041384596000,1,8335.20770012,1.06
1622041550896000,1,40.00000000,1.07
1622041763552000,0,40.00000000,1.06
1622041954072000,0,748.24276536,1.07
1622041954178000,1,748.24276536,1.07
1622041987503000,1,3219.72361472,1.07
1622041998456000,1,344.63417028,1.07
1622042021791000,1,543.00000000,1.06
1622042021791000,1,586.00000000,1.06
1622042021791000,1,15.46027976,1.06
1622042033155000,1,40.00000000,1.06
1622042048288000,1,539.00000000,1.06
1622042048288000,1,940.01606476,1.06
1622042048288000,1,2349.45862219,1.06
1622042048374000,0,887.73445849,1.06
1622042048837000,0,559.00000000,1.06
1622042048837000,0,563.00000000,1.06
1622042048837000,0,21.70196325,1.07
1622042053419000,1,40.00000000,1.06
1622042055050000,1,40.00000000,1.06
1622042055457000,1,940.62637692,1.06
1622042152241000,1,365.55845354,1.06
1622042157006000,1,89.14067616,1.06
1622042157300000,1,56.38667660,1.06
1622042165899000,0,80.00000000,1.06
1622042165899000,0,480.00000000,1.06
1622042180164000,1,121.52196161,1.06
1622042180164000,1,40.00000000,1.06
1622042207484000,0,567.00000000,1.06
1622042207765000,1,347.45793342,1.06
1622042209164000,1,361.30805603,1.06
1622042214821000,1,120.39889514,1.06
1622042216772000,1,120.39886837,1.06
1622042222721000,1,345.15392327,1.06
1622042232885000,0,40.00000000,1.06
1622042287761000,1,139.43816058,1.05
1622042287819000,1,0.00000001,1.05
1622042288803000,1,138.84802871,1.05
1622042288803000,1,223.26248209,1.05
1622042288955000,1,60.56729123,1.05
1622042290113000,1,70.70045271,1.05
1622042303128000,1,336.08247044,1.05
1622042402580000,1,359.91903902,1.05
1622042440405000,0,40.00000000,1.05
1622042474964000,1,159.47422540,1.04
1622042476391000,1,334.95526997,1.04
1622042476397000,1,0.00000001,1.04
1622042476397000,1,292.55054989,1.04
1622042477215000,1,134.09514101,1.04
1622042516543000,1,958.53730791,1.04
1622042516543000,1,185.16465534,1.04
1622042559454000,0,714.54652312,1.04
1622042559454000,0,426.02175584,1.05
1622042571130000,0,560.00000000,1.05
1622042577443000,0,817.96564374,1.05
1622042594102000,1,574.00000000,1.05
1622042594102000,1,281.42620922,1.05
1622042624795000,1,213.85655230,1.05
1622042745509000,1,335.61650354,1.04
1622042811482000,1,24.51168352,1.04
1622042913224000,0,170.89233561,1.05
1622042913546000,0,230.92049381,1.05
1622042982538000,0,551.00000000,1.05
1622042982538000,0,762.30896144,1.05
1622042982538000,0,552.00000000,1.05
1622042982538000,0,517.45625496,1.05
1622043076870000,1,232.85562850,1.05
1622043076870000,1,40.00000000,1.05
1622043076870000,1,338.87017439,1.05
1622043076870000,1,568.00000000,1.05
1622043076870000,1,572.00000000,1.05
1622043076969000,0,560.00000000,1.05
1622043076989000,0,71.03941351,1.05
1622043236102000,1,339.23239223,1.06
1622043236102000,1,550.00000000,1.06
1622043236102000,1,66.81797250,1.06
1622043242352000,0,755.79237574,1.06
1622043242352000,0,558.00000000,1.06
1622043242445000,1,3419.11122757,1.06
1622043292819000,0,756.37472638,1.06
1622043292819000,0,302.41157933,1.06
1622043305064000,1,331.92660545,1.05
1622043305089000,1,0.00000001,1.05
1622043309994000,1,344.75723626,1.05
1622043310116000,1,2038.00796222,1.05
1622043350290000,0,1058.52572800,1.06
1622043379953000,0,165.12459055,1.06
1622043488345000,1,356.66813030,1.06
1622043575335000,0,752.44069532,1.06
1622043575335000,0,570.00000000,1.06
1622043624318000,1,568.00000000,1.06
1622043624318000,1,545.00000000,1.06
1622043624318000,1,761.50474000,1.06
1622043624469000,0,2858.39886331,1.06
1622043726463000,1,1776.43180105,1.06
1622043772419000,1,340.70531006,1.06
1622043795675000,0,40.00000000,1.06
1622043796165000,0,1149.13204106,1.06
1622043796680000,0,256.11900685,1.06
1622043914558000,1,1000.00000000,1.06
1622044129463000,0,100.00000000,1.06
1622044218472000,1,2351.55270201,1.07
1622044346426000,0,468.18232892,1.07
1622044409673000,0,25.00000000,1.06
1622044481413000,0,579.99351895,1.06
1622044489889000,1,500.00000000,1.06
1622044529612000,1,100.00000000,1.06
1622044529612000,1,500.00000000,1.06
1622044659808000,0,549.00000000,1.06
1622044659808000,0,665.39787117,1.06
1622044660293000,0,88.35818178,1.06
1622044742442000,1,936.43488363,1.07
1622044742442000,1,193.63693952,1.07
1622044841787000,0,348.58045317,1.07
1622044871179000,1,198.00046453,1.07
1622044871289000,0,401.99953547,1.07
1622044928675000,0,1120.12045505,1.08
1622044983231000,0,500.00000000,1.08
1622044990146000,0,2829.32799267,1.08
1622045016913000,0,1100.00000000,1.08
1622045073230000,0,77.47747748,1.09
1622045084869000,0,40.00000000,1.09
1622045111664000,1,40.00000000,1.08
1622045164676000,1,113.17689528,1.08
1622045164676000,1,40.00000000,1.08
1622045165433000,1,323.35572992,1.08
1622045165945000,1,335.61262554,1.08
1622045232493000,0,40.00000000,1.09
1622045232493000,0,45.91932223,1.09
1622045257747000,1,566.00000000,1.08
1622045257747000,1,921.15902950,1.08
1622045257747000,1,864.39367251,1.08
1622045334709000,0,40.00000000,1.09
1622045378052000,1,6750.36378443,1.08
1622045457276000,1,326.19671967,1.08
1622045457744000,1,360.69619287,1.08
1622045459054000,1,98.33028311,1.08
1622045459326000,1,360.66660502,1.08
1622045459381000,1,360.64834377,1.08
1622045459432000,1,5256.38767163,1.08
1622045482101000,1,230.92980068,1.08
1622045763936000,1,40.00000000,1.09
1622046098382000,1,339.67100998,1.09
1622046603885000,0,373.31724195,1.10
1622046666146000,1,340.31986895,1.09
1622046680902000,0,640.44562966,1.09
1622046680902000,0,573.00000000,1.09
1622046680902000,0,550.00000000,1.10
1622046680902000,0,2240.80794065,1.10
1622046680902000,0,247.43052060,1.10
1622046700940000,1,40.00000000,1.09
1622046703253000,1,40.00000000,1.09
1622046703253000,1,332.33842431,1.09
1622046723067000,0,40.00000000,1.09
1622046723067000,0,643.56110685,1.09
1622046723067000,0,1609.76537168,1.09
1622046723067000,0,553.00000000,1.09
1622046723067000,0,2253.71700882,1.09
1622046723277000,1,7790.47027411,1.09
1622046916696000,1,317.10434776,1.08
1622046916696000,1,40.00000000,1.08
1622046916696000,1,0.71952250,1.08
1622046918176000,1,126.12221660,1.08
1622047008920000,0,2805.53986666,1.09
1622047268086000,1,369.75885897,1.08
1622047268121000,1,183.24114103,1.08
1622047269511000,0,369.75884974,1.08
1622047283259000,1,229.35569398,1.09
1622047468123000,0,184.48766153,1.09
1622047468318000,0,184.48766153,1.09
1622047468478000,1,185.74703168,1.09
1622047536029000,1,63.39939130,1.08
1622047541079000,1,63.17182371,1.08
1622047541256000,1,359.03761435,1.08
1622047541696000,1,8.36106794,1.08
1622047702346000,1,40.00000000,1.08
1622047958849000,1,928.01657545,1.08
1622047958849000,1,192.10387960,1.08
1622048070591000,1,575.00000000,1.08
1622048070756000,0,560.00000000,1.08
1622048070937000,0,14.99998155,1.08
1622048071646000,0,483.35560300,1.08
1622048079535000,1,474.58117462,1.09
1622048090060000,1,40.00000000,1.09
1622048137775000,1,814.88650597,1.09
1622048172557000,1,40.00000000,1.08
1622048172557000,1,316.34221283,1.08
1622048173300000,1,47.57907110,1.08
1622048181160000,1,361.49826618,1.08
1622048181645000,1,904.10208720,1.08
1622048181645000,1,361.52261477,1.08
1622048186738000,1,340.81768962,1.08
1622048193385000,0,40.00000000,1.08
1622048301156000,0,40.00000000,1.08
1622048411686000,1,551.00000000,1.08
1622048412520000,1,346.90274666,1.08
1622048427858000,1,83.19322252,1.07
1622048427947000,1,152.36901421,1.07
1622048448433000,1,347.36646102,1.07
1622048471013000,1,46.73290276,1.07
1622048603758000,0,40.00000000,1.07
1622048753936000,1,367.77768534,1.07
1622048755780000,1,46.96996740,1.06
1622048932761000,1,100.00000000,1.06
1622048967952000,0,100.00000000,1.07
1622048977751000,1,100.00000000,1.06
1622048978920000,1,100.00000000,1.06
1622049129077000,1,337.34018285,1.06
1622049204367000,1,235.02867349,1.06
1622049263052000,1,343.91603804,1.07
1622049298988000,0,46.96996740,1.07
1622049307868000,1,40.00000000,1.07
1622049503043000,0,46.73290276,1.07
1622049564540000,1,232.59492198,1.08
1622049587189000,0,400.00000000,1.08
1622049587189000,0,40.00000000,1.08
1622049684688000,1,231.08564033,1.08
1622049725837000,0,214.62106600,1.09
1622049726848000,1,130.75785344,1.09
1622049799817000,0,40.00000000,1.09
1622050058597000,0,913.93654902,1.10
1622050058597000,0,578.00000000,1.10
1622050079852000,1,508.06345098,1.10
1622050218173000,1,319.39257662,1.10
1622050315665000,0,24.51168352,1.10
1622050331022000,1,58.30109043,1.10
1622050335713000,0,110.27084070,1.10
1622050335713000,0,907.77621999,1.10
1622050335713000,0,75.16952099,1.10
1622050337235000,1,359.22722567,1.10
1622050635396000,1,6009.71155502,1.10
1622050686725000,1,1000.00000000,1.10
1622050713613000,1,423.42978120,1.10
1622050777730000,1,909.04432141,1.10
1622050777848000,0,909.04432141,1.10
1622050777907000,0,853.14661955,1.10
1622050777907000,0,3338.47629265,1.10
1622050780180000,1,321.95277937,1.10
1622050780216000,1,100.00000000,1.10
1622050805611000,1,100.00000000,1.10
1622050985800000,0,2258.44916162,1.10
1622051139447000,1,3499.64875467,1.10
1622051172447000,1,100.00000000,1.09
1622051218683000,1,914.20676751,1.09
1622051218683000,1,100.00000000,1.09
1622051218683000,1,79.00981417,1.09
1622051236732000,1,100.00000000,1.09
1622051408826000,1,424.92917856,1.09
1622051740470000,0,571.00000000,1.10
1622051740470000,0,513.52147579,1.10
1622051755557000,1,908.19618842,1.10
1622051755557000,1,116.04467260,1.10
1622051897540000,0,352.05087527,1.10
1622051901639000,0,556.14529925,1.10
1622052008512000,1,224.77243673,1.11
1622052008512000,1,89.90085430,1.11
1622052008512000,1,36.66667727,1.11
1622052008679000,1,316.77282512,1.11
1622052008818000,1,136.62392216,1.11
1622052011203000,1,94.46731040,1.11
1622052022284000,1,79.32075299,1.10
1622052022284000,1,118.98976785,1.10
1622052046093000,1,556.14529925,1.10
1622052916948000,0,549.00000000,1.11
1622052916948000,0,451.00000000,1.11
1622052991814000,0,571.00000000,1.11
1622052991814000,0,81.72779865,1.11
1622053026113000,0,1200.00000000,1.11
1622053294105000,0,80.34182465,1.12
1622053303385000,0,219.65817535,1.12
1622053426194000,0,101.99994659,1.12
1622053462343000,1,546.00000000,1.12
1622053462343000,1,66.79618527,1.12
1622053462343000,1,541.00000000,1.12
1622053462525000,0,846.20381473,1.12
1622053935648000,0,560.00000000,1.12
1622053935737000,0,889.85575880,1.12
1622053936317000,0,1332.05463882,1.12
1622053939608000,1,652.72779865,1.12
1622054060625000,1,153.24473241,1.12
1622054062034000,1,345.77311306,1.12
1622054098308000,1,546.99998217,1.12
1622054098513000,1,344.55976365,1.12
1622054099632000,1,170.95056738,1.12
1622054122618000,1,71.22087582,1.12
1622054124719000,1,110.43645480,1.12
1622054224740000,1,565.80529860,1.12
1622054225272000,1,3677.03788171,1.12
1622054262558000,0,415.51246536,1.12
1622054262678000,0,131.31323104,1.12
1622054381874000,0,105.79926781,1.12
1622054588739000,1,401.76724289,1.11
1622054731679000,1,500.00000000,1.12
1622054738533000,0,414.93775944,1.12
1622054744247000,0,1457.36504394,1.12
1622054808356000,1,500.00000000,1.12
1622054973703000,1,40.00000000,1.13
1622054973900000,0,960.00000000,1.13
1622055005452000,1,333.79214860,1.12
1622055013865000,1,544.00000000,1.12
1622055013865000,1,40.00000000,1.12
1622055013865000,1,229.39110684,1.12
1622055093126000,1,320.35603166,1.12
1622055278249000,0,627.97781384,1.12
1622055619948000,0,625.72226945,1.12
1622055619948000,0,188.57120302,1.12
1622055708862000,0,542.00000000,1.11
1622055708862000,0,77.38946288,1.11
1622055709395000,1,900.66995710,1.11
1622055709395000,1,562.00000000,1.11
1622055709395000,1,327.89998284,1.11
1622055709395000,1,2251.67489274,1.11
1622055709395000,1,320.76207884,1.11
1622055709395000,1,580.00000000,1.11
1622055709395000,1,337.04352964,1.11
1622055709395000,1,4499.63902437,1.11
1622055709395000,1,1702.53913355,1.11
1622055754527000,1,814.06788106,1.11
1622055762499000,0,53.82820970,1.11
1622055776915000,0,135.91385855,1.11
1622055825340000,0,808.69347965,1.11
1622055825340000,0,577.00000000,1.11
1622056133157000,1,500.80387858,1.11
1622056148194000,1,40.00000000,1.11
1622056166202000,1,345.91529333,1.11
1622056166205000,1,154.08470667,1.11
1622056221616000,0,40.00000000,1.11
1622056221616000,0,775.17389538,1.11
1622056239160000,0,25.00000000,1.11
1622056258884000,0,25.00000000,1.11
1622056276698000,1,25.00000000,1.11
1622056279284000,1,500.00000000,1.10
1622056314525000,0,417.82729800,1.10
1622056314545000,0,398.16657751,1.10
1622056314639000,1,264.07085883,1.10
1622056423739000,0,40.00000000,1.10
1622056528684000,1,4071.83422797,1.10
1622056529600000,1,77.82216407,1.10
1622056531381000,1,347.58194183,1.10
1622056531387000,1,74.59589410,1.10
1622056607274000,1,556.00000000,1.10
1622056607274000,1,258.89739180,1.10
1622056861719000,1,418.26420360,1.09
1622056868079000,1,81.73579639,1.09
1622056868082000,1,0.00000001,1.09
1622056934745000,0,40.00000000,1.09
1622056985855000,1,101.99994659,1.10
1622057096787000,1,2346.04025127,1.09
1622057168790000,1,915.44171516,1.09
1622057168790000,1,571.00000000,1.09
1622057168790000,1,552.00000000,1.09
1622057168790000,1,307.59853611,1.09
1622057232744000,1,500.00000000,1.09
1622057413073000,0,40.00000000,1.09
1622057471286000,1,349.56083661,1.09
1622057471297000,1,150.43916339,1.09
1622057497249000,1,40.00000000,1.08
1622057538712000,0,350.42225785,1.09
1622057538715000,0,350.42225785,1.09
1622057539104000,0,349.89376389,1.09
1622057541573000,0,0.32353935,1.09
1622057677154000,1,740.68537000,1.09
1622057677154000,1,191.55207852,1.09
1622057677154000,1,915.07062962,1.09
1622057677154000,1,171.39428643,1.09
1622057677154000,1,557.00000000,1.09
1622057677154000,1,575.00000000,1.09
1622057677154000,1,1239.79308651,1.09
1622057677154000,1,2288.55209450,1.09
1622057677287000,0,914.79868834,1.09
1622057677290000,0,8810.17382283,1.09
1622057677290000,0,9146.83471628,1.09
1622057677299000,0,2287.02970802,1.09
1622057677301000,0,3201.84159123,1.09
1622057677309000,0,914.81188321,1.09
1622057677357000,0,18045.46204451,1.09
1622058053913000,0,573.00000000,1.10
1622058053913000,0,284.38675275,1.10
1622058071585000,1,560.00000000,1.10
1622058315057000,1,45.40755132,1.10
1622058324601000,0,572.00000000,1.10
1622058324601000,0,241.79696132,1.10
1622058424726000,0,236.21306800,1.10
1622058682766000,0,52.41009526,1.11
1622058860162000,0,415.36863960,1.11
1622058860202000,0,157.63136040,1.11
1622058860281000,1,86.32735626,1.11
1622058872736000,0,318.21615880,1.11
1622059016810000,0,415.36863960,1.11
1622059289938000,1,312.97577850,1.11
1622059457688000,0,134.15178580,1.11
1622059526971000,1,40.00000000,1.11
1622059530713000,1,40.00000000,1.11
1622059530713000,1,397.75317915,1.11
1622059577795000,0,6155.55239729,1.11
1622059664663000,1,823.96492895,1.12
1622059664857000,1,71.77378142,1.12
1622059877513000,0,316.73994852,1.12
1622059973415000,0,893.01012453,1.12
1622059973415000,0,40.00000000,1.12
1622059973415000,0,1771.55232614,1.12
1622059992466000,1,335.99913829,1.12
1622060002858000,0,40.00000000,1.12
1622060504372000,1,560.00000000,1.13
1622060534088000,0,100.00000000,1.12
1622060638018000,1,96.11603444,1.12
1622061403134000,0,22.14175682,1.13
1622061448989000,1,885.72904119,1.13
1622062103677000,1,889.80022236,1.12
1622062103761000,0,335.73890791,1.12
1622062103801000,0,889.80022236,1.12
1622062103870000,0,959.66064737,1.12
1622062400355000,0,108.27197921,1.12
1622062662056000,0,312.03850349,1.13
1622062662086000,0,312.03850349,1.13
1622062665673000,0,101.40381270,1.13
1622062667435000,0,579.00000000,1.13
1622062667435000,0,885.81642227,1.13
1622062667435000,0,481.00000000,1.13
1622062667435000,0,2215.85566265,1.13
1622062667435000,0,656.00000000,1.13
1622062667504000,1,560.00000000,1.13
1622062667646000,1,5882.74384428,1.13
1622062833492000,1,468.18232892,1.13
1622062941715000,0,420.15320112,1.13
1622063313531000,0,154.51610973,1.14
1622063325497000,0,406.13721562,1.14
1622063325506000,0,411.94644696,1.14
1622063325593000,0,62.51153512,1.14
1622063325594000,0,357.51759934,1.14
1622063325683000,1,486.54259069,1.14
1622063338803000,1,337.17433420,1.13
1622063353386000,0,17.92600000,1.13
1622063647615000,0,107.00643114,1.14
1622063663643000,0,171.40898183,1.14
1622063786966000,1,171.40898183,1.13
1622063856155000,1,335.15440982,1.13
1622063856155000,1,522.23234293,1.13
1622064052018000,1,883.32825192,1.13
1622064052284000,1,0.00000889,1.13
1622064052656000,0,883.32824140,1.13
1622064066603000,0,337.36899677,1.13
1622064066603000,0,545.93053235,1.13
1622064485722000,1,17.92600000,1.14
1622064537731000,0,410.15104754,1.13
1622064537801000,0,471.67271687,1.13
1622064537916000,0,248.57805300,1.14
1622064538004000,0,410.15104754,1.14
1622064538232000,1,161.47876613,1.13
1622064833231000,1,558.00000000,1.12
1622064833231000,1,325.29952912,1.12
1622064937114000,1,319.56150775,1.12
1622064942800000,1,316.09990224,1.12
1622065111311000,0,277.15743663,1.12
1622065315236000,0,327.41264591,1.12
1622065476634000,0,50.20947820,1.12
1622065526848000,1,417.10114704,1.12
1622065705294000,0,40.00000000,1.12
1622065894647000,0,560.00000000,1.13
1622065894842000,0,3315.36888953,1.13
1622065995024000,0,314.71018278,1.13
1622065995024000,0,552.00000000,1.13
1622065995024000,0,555.00000000,1.13
1622065995024000,0,809.19109081,1.13
1622066437597000,0,879.88568994,1.13
1622066509484000,0,882.57882152,1.13
1622066516874000,1,345.19302546,1.12
1622066559412000,0,144.27196400,1.12
1622066876637000,0,888.46268422,1.13
1622066876754000,1,141.98402737,1.13
1622066940720000,0,301.14201174,1.13
1622066941182000,0,88.46347785,1.13
1622067434064000,1,4221.77122800,1.13
1622068041268000,1,553.00000000,1.13
1622068041268000,1,541.00000000,1.13
1622068041268000,1,313.95225205,1.13
1622068041268000,1,69.44214998,1.13
1622068172770000,0,343.04874009,1.13
1622069203161000,1,566.00000000,1.13
1622069203161000,1,887.53044845,1.13
1622069203161000,1,561.00000000,1.13
1622069203255000,0,560.00000000,1.13
1622069203260000,0,1537.02889283,1.13
1622069221108000,1,887.24765971,1.13
1622069221262000,0,887.24765971,1.13
1622069221463000,0,887.21648771,1.13
1622069256211000,1,887.99002446,1.13
1622069256211000,1,1736.91307995,1.12
1622069635589000,0,3499.64875467,1.13
1622069839177000,0,317.85806416,1.13
1622070065089000,1,135.91385855,1.13
1622070414401000,1,500.00000000,1.12
1622070740962000,1,500.00000000,1.12
1622070792480000,1,500.00000000,1.12
1622071051836000,1,44.62652064,1.12
1622071055120000,0,892.55583700,1.12
1622071078418000,0,0.00000570,1.12
1622071396076000,0,44.62652064,1.12
1622071902528000,1,814.07206894,1.13
1622072020930000,1,68.21000000,1.13
1622072279281000,0,880.41734901,1.14
1622072279397000,1,880.41734901,1.14
1622072280638000,1,880.41734901,1.14
1622072303892000,1,8804.30206855,1.14
1622072304581000,1,8804.03850911,1.14
1622072322447000,1,8805.80793945,1.14
1622072323015000,1,1264.61140221,1.14
1622072350497000,0,528.38055351,1.14
1622072350497000,0,566.00000000,1.14
1622072350497000,0,558.00000000,1.14
1622072350497000,0,1320.66554221,1.14
1622072350497000,0,572.00000000,1.14
1622072350497000,0,954.95390428,1.14
1622072615125000,0,439.25581793,1.14
1622072615125000,0,561.00000000,1.14
1622072615125000,0,763.15614826,1.14
1622072618747000,0,439.25581793,1.14
1622072618747000,0,1.51035215,1.14
1622072623749000,0,110.19169497,1.14
1622072629681000,0,166.64912465,1.14
1622072744002000,0,1500.00000000,1.14
1622073141820000,1,68.06000000,1.14
1622073163877000,1,559.99998932,1.14
1622073164102000,1,0.00001068,1.14
1622073164104000,0,317.66524473,1.14
1622073164121000,0,242.33474459,1.14
1622073167394000,1,559.99996501,1.14
1622073169177000,0,784.76457182,1.15
1622073180587000,0,549.00000000,1.15
1622073180587000,0,577.00000000,1.15
1622073180587000,0,1.44396190,1.15
1622073230422000,0,411.66380784,1.15
