timestamp ms,type,amount,price
1625704099752000,0,0.02202407,2806.0800
1625704099752000,0,0.00397593,2806.7100
1625704105748000,0,0.02600000,2810.3200
1625704156761000,0,0.41959420,2813.6100
1625704156854000,0,0.05437161,2816.1400
1625704206190000,0,0.05437161,2806.0100
1625704288491000,0,0.04400000,2791.8100
1625704324213000,0,0.04400000,2790.0300
1625704358197000,0,0.04400000,2787.1100
1625704451401000,1,0.02303613,2776.8400
1625704451401000,1,0.02291460,2776.6800
1625704451401000,1,0.02258778,2776.6700
1625704451401000,1,0.09695753,2775.4600
1625704451401000,1,0.02316553,2775.4500
1625704451401000,1,0.44791343,2775.3000
1625707700328000,1,0.36999999,2803.0800
1625707700346000,1,0.00000001,2803.0800
1625710645513000,1,0.05624999,2781.6400
1625713526639000,1,0.37000000,2765.5700
1625713840694000,0,0.02600000,2755.0700
1625713931438000,0,0.04500000,2744.5000
1625715212770000,0,0.05624999,2778.2300
1625716646816000,1,0.00739700,2755.2000
1625717234242000,0,0.02192227,2737.2900
1625717234242000,0,0.02244968,2737.6200
1625717234242000,0,0.02318315,2737.6300
1625717234242000,0,0.72196625,2738.6500
1625717234242000,0,0.43058526,2738.6600
1625717234242000,0,1.60366140,2738.6600
1625717234242000,0,0.02215593,2738.6700
1625717234242000,0,0.54848333,2738.9900
1625717234242000,0,1.07610433,2739.4900
1625717234308000,1,0.79000000,2739.4900
1625717234320000,1,2.01880214,2739.4900
1625721387127000,0,0.26558884,2742.7500
1625721387211000,1,0.26558884,2743.0000
1625721472100000,1,0.39312417,2743.0000
1625722437967000,0,0.09183214,2728.4200
1625722437967000,0,0.01210333,2728.4500
1625724070798000,0,0.04500000,2702.8500
1625724296150000,1,0.02238577,2722.7200
1625724296150000,1,0.02239146,2722.3200
1625724296150000,1,0.02212364,2721.4900
1625724296150000,1,0.02200781,2721.3900
1625724296150000,1,0.18971814,2721.3600
1625725671890000,0,0.02325550,2747.0100
1625725671890000,0,0.01296541,2747.0700
1625725758220000,1,0.09999999,2740.0000
1625725758224000,1,0.00000001,2740.0000
1625729422917000,1,0.04367282,2673.7500
1625729491635000,0,0.02320188,2679.1100
1625729491635000,0,0.02268950,2680.1700
1625729491635000,0,0.00010862,2680.2800
1625729965531000,0,0.05624999,2671.4200
1625729965551000,0,0.86805186,2671.4200
1625730097465000,0,0.02312491,2657.5200
1625730097465000,0,0.01887509,2658.8400
1625730182792000,0,0.05624999,2660.1800
1625730183897000,0,0.03610423,2660.1800
1625730183897000,0,0.02014576,2660.1900
1625730183909000,0,3.75636121,2660.1900
1625730184441000,0,3.75435588,2660.1900
1625730184952000,0,3.75385550,2660.1900
1625730185025000,0,0.05624999,2660.1900
1625730185483000,0,3.75402670,2660.1900
1625730186015000,0,3.75346693,2660.1900
1625730186535000,0,3.75433681,2660.1900
1625730191622000,0,1.25511612,2660.1900
1625731709216000,0,0.02338731,2631.8700
1625731709216000,0,0.00361269,2632.5300
1625731723421000,0,0.02176611,2631.3600
1625731723421000,0,0.02227782,2631.3700
1625731723421000,0,0.00295607,2632.6700
1625732052300000,1,0.31907999,2632.5200
1625732791906000,0,0.56968967,2637.4200
1625734797228000,0,0.56301881,2669.5900
1625734797228000,0,0.56283744,2670.8000
1625734797228000,0,0.09592105,2671.2600
1625734797519000,1,0.05624999,2669.8500
1625736782761000,1,0.13174107,2678.4100
1625736782761000,1,1.08362507,2678.4100
1625737518331000,1,0.14012774,2658.7000
1625737518331000,1,0.91114465,2657.1400
1625737518331000,1,0.17042002,2657.1100
1625742758138000,1,0.02002615,2604.8300
1625744085803000,0,0.02390729,2630.2200
1625744383617000,0,0.49421482,2633.3700
1625744436843000,1,0.13798641,2635.0500
1625744436843000,1,0.34498905,2634.5500
1625744436843000,1,0.18837716,2634.5400
1625744436906000,1,0.05624999,2633.3200
1625751307746000,0,0.02220363,2615.7500
1625751307746000,0,0.02292056,2616.9900
1625751307746000,0,0.04225138,2617.0500
1625751307746000,0,0.10667848,2617.0600
1625751330973000,0,0.01901993,2619.5000
1625752039724000,1,0.02367837,2606.8800
1625758100836000,0,0.02833329,2658.2100
1625758100836000,0,0.08067724,2658.2200
1625759914230000,0,0.09296912,2676.0600
1625761770676000,1,0.01670000,2690.6400
1625761780531000,1,0.01670000,2692.0100
1625766131071000,1,0.02190545,2710.2300
1625766131071000,1,0.00509455,2709.7500
1625766140327000,1,0.02229841,2710.2400
1625766140327000,1,0.00470159,2709.7600
1625766164920000,1,0.01901993,2708.3600
1625766725933000,1,0.02706052,2715.0000
1625766761782000,1,0.04600000,2713.6400
1625768379827000,0,0.02164629,2698.9800
1625768379827000,0,0.02218432,2699.0600
1625768379827000,0,0.05232633,2699.2200
1625768504777000,1,0.37000000,2689.5000
1625768504777000,1,0.55693418,2689.4900
1625768504777000,1,0.07532740,2688.8500
1625768504777000,1,0.18828774,2688.5000
1625768504777000,1,0.02725401,2687.8800
1625768504778000,1,0.46237047,2687.8800
1625768504778000,1,0.75543286,2687.8700
1625768504780000,1,0.17239370,2687.8700
1625768504849000,1,0.28693250,2687.8800
1625768680824000,1,0.05624999,2678.2000
1625768683315000,1,0.05624999,2678.2000
1625768776424000,0,0.13399758,2682.3200
1625768990442000,1,0.19405405,2678.2000
1625770237299000,1,0.02309473,2690.9600
1625770237299000,1,0.55674927,2690.8000
1625770237299000,1,0.46969549,2689.9000
1625770965447000,1,1.31596406,2700.2100
1625781073907000,1,1.44174849,2671.5400
1625781719621000,1,0.02304471,2638.0400
1625781719621000,1,0.56759441,2637.5000
1625781719621000,1,0.02229294,2636.6500
1625781719621000,1,1.34245911,2636.3200
1625781719621000,1,0.56786838,2636.3200
1625781719621000,1,0.94566319,2636.3000
1625781719621000,1,0.44213715,2633.7800
1625781719621000,1,0.17001848,2633.7800
1625781719621000,1,0.06806470,2633.7800
1625781719621000,1,0.94591423,2633.7700
1625781719621000,1,0.94606731,2633.6000
1625781719621000,1,10.45568700,2620.0100
1625781719621000,1,0.37000000,2620.0000
1625781719621000,1,1.22000000,2619.9900
1625781719621000,1,12.47000000,2619.9800
1625781719621000,1,6.04000000,2604.3300
1625781719621000,1,0.40318839,2600.6800
1625781721515000,1,0.05624999,2638.3600
1625781745565000,1,0.02227585,2639.2200
1625781745634000,0,0.05624999,2639.2200
1625781745733000,0,1.14147416,2639.2200
1625781749638000,1,0.56723609,2639.4700
1625781749748000,0,0.65276391,2639.4700
1625781753789000,1,0.56642856,2642.3500
1625781753935000,0,0.65357144,2642.3500
1625781754053000,0,0.24937090,2645.4800
1625781758131000,0,1.22000000,2643.2800
1625781762123000,1,0.56677219,2638.4300
1625781762336000,0,0.65322781,2638.4300
1625781770512000,1,0.07582912,2635.4100
1625781770722000,0,0.29300000,2635.4100
1625781770734000,0,0.85117088,2635.4100
1625781777798000,1,0.56744468,2638.2800
1625781777938000,0,0.65255532,2638.2800
1625781785791000,1,0.56744468,2636.7900
1625781785908000,0,0.56744468,2636.7900
1625781785935000,0,0.08511064,2636.7900
1625781812516000,0,0.37000000,2634.1900
1625781867566000,0,1.01281754,2633.1100
1625781906632000,0,0.10194677,2634.3200
1625781962905000,0,0.04700000,2632.5900
1625782038188000,1,0.56977549,2627.7100
1625782038188000,1,0.56977548,2626.2800
1625782204587000,0,0.04700000,2621.8800
1625782210756000,0,1.22000000,2624.5500
1625782210756000,0,0.37000000,2624.5600
1625782457331000,1,0.01281754,2615.5900
1625783409032000,0,0.36999999,2611.7200
1625783409039000,0,0.00000001,2611.7200
1625783415537000,1,0.57332678,2610.3200
1625783415537000,1,0.42667322,2608.1400
1625783714586000,0,0.02700000,2612.7900
1625783724820000,0,0.02235163,2611.9600
1625783724820000,0,0.00464837,2612.7100
1625786419107000,0,0.02833328,2639.9400
1625786419107000,0,0.65081445,2639.9500
1625786420043000,0,0.46833355,2639.9500
1625790417036000,1,0.03813920,2615.4900
1625790417085000,1,0.00000001,2615.4900
1625791072694000,1,0.05624999,2597.0000
1625791116653000,1,0.19375001,2597.0000
1625791306592000,0,0.02262118,2586.0000
1625791306592000,0,0.00437882,2587.2000
1625791315521000,0,0.02254918,2584.6100
1625791315521000,0,0.02155835,2585.9500
1625791315521000,0,0.00389247,2587.2900
1625791350384000,0,0.04800000,2586.5600
1625791375879000,0,0.02324901,2586.4100
1625791375879000,0,0.00375099,2586.7800
1625792906224000,1,0.06060792,2566.2500
1625796660545000,0,0.64399998,2589.4100
1625801431783000,1,0.09600000,2637.9900
1625803488295000,0,0.37000000,2640.3600
1625803488295000,0,0.56902509,2640.3700
1625804224054000,0,0.07377927,2669.5300
1625807774118000,1,0.02225068,2672.7400
1625807774118000,1,0.00474932,2671.9600
1625807783101000,1,0.02700000,2671.4100
1625807924137000,1,0.02174035,2675.2100
1625807924137000,1,0.00525965,2674.5400
1625807946092000,1,0.02302181,2677.5300
1625807946092000,1,0.00397819,2677.5200
1625807954128000,1,0.02320409,2675.6700
1625807954128000,1,0.02379591,2674.7000
1625807979435000,1,0.02214901,2677.0700
1625807979435000,1,0.00485099,2676.0300
1625808229657000,1,0.02178060,2675.4800
1625808229657000,1,0.00521940,2675.0300
1625808235065000,1,0.01785952,2675.0300
1625808235065000,1,0.00914048,2674.1500
1625830973616000,0,0.02587495,2614.5900
1625830973621000,0,0.00000001,2614.5900
1625833683739000,0,0.02308659,2673.6100
1625834395965000,1,0.12433395,2676.2400
1625834395965000,1,0.31090708,2675.8800
1625834395965000,1,0.02211072,2675.8700
1625834395965000,1,0.31090341,2675.1300
1625834395965000,1,0.10134429,2675.1200
1625835928325000,1,0.04600000,2706.6800
1625835963395000,1,0.04600000,2709.3700
1625835998410000,1,0.04600000,2710.8000
1625836104283000,1,0.04600000,2730.0100
1625836139493000,1,0.04600000,2726.4700
1625837020052000,1,0.04600000,2739.9000
1625837960361000,1,0.04500000,2765.9300
1625840568477000,1,0.01620000,2776.4200
1625840806219000,1,0.04500000,2771.8800
1625840836142000,1,0.02700000,2757.6200
1625841676797000,0,0.02319749,2779.1300
1625841676797000,0,0.48031747,2779.3100
1625843442916000,0,0.02216484,2816.8500
1625843442916000,0,0.01326175,2817.6200
1625843706985000,0,0.02185750,2801.1500
1625843706985000,0,0.01356909,2801.6500
1625843828964000,1,0.02185305,2783.8500
1625843828964000,1,0.48166191,2783.2500
1625844043880000,0,0.02243629,2789.0600
1625844043880000,0,0.16297055,2789.7300
1625844819514000,0,0.07178758,2779.4500
