timestamp ms,type,amount,price
1623369681672000,1,0.01000000,3100.0000
1623370636906000,0,0.47873770,3137.1700
1623370636908000,0,0.00000001,3137.1700
1623370747855000,0,0.48043821,3126.6000
1623373098609000,1,0.04590000,3079.2500
1623373098609000,1,0.04590000,3079.2400
1623373098609000,1,0.04410000,3079.0300
1623374736397000,0,0.21769204,3026.8300
1623378698320000,0,0.49602407,3028.3500
1623378698320000,0,0.00397593,3029.2900
1623379460317000,0,0.01195180,3031.7400
1623379549532000,0,0.01195179,3031.3900
1623383035918000,1,0.04635000,3064.0800
1623383035998000,0,0.04500000,3064.0800
1623383036022000,0,0.82583900,3064.0800
1623388814355000,0,0.07022185,3099.3200
1623388814895000,0,0.04827510,3099.3200
1623389717711000,0,0.04590000,3085.3900
1623389717711000,0,0.04635000,3086.2600
1623389717711000,0,0.20901116,3086.3600
1623390053420000,0,0.48484629,3099.9500
1623391357183000,1,0.04590000,3060.6000
1623391357183000,1,0.45410000,3060.5600
1623391487003000,1,0.30126116,3061.1200
1623392921761000,1,0.13223791,3044.7700
1623392921761000,1,0.33059478,3044.7700
1623393199440000,0,0.38534911,3060.1200
1623393199458000,0,0.10540576,3060.1200
1623395076276000,1,0.04410000,3022.1300
1623395076438000,0,3.30570287,3022.0000
1623395748142000,0,3.30696204,3022.0000
1623395748707000,0,3.30706982,3022.0000
1623395749426000,0,3.30686333,3022.0000
1623395749987000,0,3.30665629,3022.0000
1623395760558000,0,3.30579057,3022.0000
1623395796403000,0,3.30610719,3022.0000
1623395797432000,0,0.03001758,3022.0000
1623398583544000,1,0.13519200,3064.2600
1623400365391000,1,0.08559960,3077.0000
1623400365392000,1,0.00000001,3077.0000
1623402867020000,1,0.02500000,3090.3800
1623406873826000,0,0.05323640,3114.4100
1623416896351000,0,0.04500000,3080.1400
1623417642332000,0,0.04500000,3085.2400
1623417642332000,0,0.48690749,3085.3500
1623417642332000,0,0.04545000,3086.7600
1623417642332000,0,0.42484431,3086.7800
1623423868082000,1,0.04635000,3020.3000
1623423868082000,1,0.02709242,3019.2500
1623423917727000,1,0.04320000,3018.8100
1623423917727000,1,1.32599564,3018.1500
1623426937003000,0,0.00915901,3003.9600
1623427193521000,0,0.00915901,3004.9300
1623428990815000,0,0.04410000,2979.5700
1623428991367000,0,0.04590000,2980.4000
1623428993544000,0,0.04320000,2981.7900
1623429761944000,1,0.03964773,2965.0000
1623435376772000,1,0.04130371,2958.3800
1623437239758000,0,0.04500000,2960.9800
1623437712037000,0,0.04275000,2981.8500
1623441543466000,0,0.04500000,2987.5600
1623441543672000,0,0.00046018,2987.5600
1623443941710000,0,0.03346697,2988.0200
1623445257966000,0,0.04500000,2955.0000
1623445257983000,0,0.30823640,2955.0000
1623446605664000,0,0.04365000,2947.7400
1623446605664000,0,0.04590000,2948.3700
1623446605664000,0,0.01045000,2948.9700
1623447211633000,1,0.01820343,2900.0000
1623447211684000,1,0.00000001,2900.0000
1623448735357000,0,2.00000000,2918.4200
1623450594537000,1,0.50799863,2950.6500
1623450594537000,1,0.50822951,2949.1900
1623450594537000,1,0.12920020,2949.1400
1623450594537000,1,0.11824200,2947.8300
1623452467116000,1,0.00946994,2921.3500
