timestamp ms,type,amount,price
1621987479230000,1,0.38376142,3899.73
1621987479230000,1,0.31207599,3897.70
1621987480026000,1,0.18000000,3892.34
1621987552336000,1,0.18000000,3878.24
1621987554658000,1,0.18000000,3873.26
1621987680205000,1,0.18000000,3837.84
1621987820553000,0,0.17820000,3840.06
1621987820553000,0,0.18180000,3841.90
1621987820553000,0,0.18000000,3843.39
1621987820553000,0,0.17820000,3843.60
1621987820553000,0,0.28180000,3843.82
1621987918606000,0,0.16953000,3822.26
1621987918606000,0,0.28283801,3822.28
1621987942890000,0,0.12035808,3817.57
1621987942890000,0,0.39381449,3817.58
1621987942890000,0,0.39359463,3819.75
1621987942890000,0,0.09312789,3820.63
1621988862826000,1,0.21428000,3772.56
1621989185848000,0,0.02506400,3754.47
1621990687710000,0,0.10411500,3774.64
1621992517794000,0,0.05425100,3816.49
1621993139926000,0,0.10000000,3862.76
1621993250628000,0,0.02950300,3865.22
1621993609728000,1,0.38350920,3881.68
1621993609728000,1,0.38618320,3875.79
1621993609728000,1,0.22497494,3873.70
1621993609822000,1,0.12004368,3873.79
1621993610052000,1,0.11998971,3873.13
1621993897598000,0,0.01000000,3887.52
1621994081804000,1,1.42960000,3873.22
1621994088258000,0,0.04412014,3883.26
1621994295749000,1,0.17384592,3873.39
1621995016533000,1,0.04412014,3899.50
1621995162991000,0,0.38578471,3895.71
1621995163108000,1,0.18000000,3897.54
1621995163605000,0,0.20564253,3897.54
1621995163605000,0,0.18353059,3897.56
1621995264636000,0,0.18000000,3918.16
1621996039583000,1,0.02652892,3971.52
1621996290697000,0,0.00543332,3990.71
1621996318531000,0,0.08281499,4000.00
1621996318531000,0,0.09336232,4000.08
1621996639813000,1,0.17280000,3957.70
1621996639813000,1,0.18540000,3956.63
1621996639813000,1,0.16740000,3955.64
1621996639813000,1,0.37848210,3954.66
1621996641724000,1,0.18000000,3954.52
1621996812546000,1,0.18719643,3942.54
1621996812618000,1,0.00000001,3942.54
1621996849805000,1,0.01000000,3905.56
1621996856455000,1,0.18000000,3910.14
1621997292800000,0,0.35042490,3916.16
1621997477312000,1,0.07138692,3891.65
1621997605502000,0,0.18000000,3914.89
1621997605502000,0,0.17640000,3915.87
1621997605502000,0,0.64360000,3916.84
1621997704122000,0,0.03393999,3919.78
1621997704123000,0,0.00000001,3919.78
1621998819672000,1,1.00000000,3911.00
1621999118767000,0,0.17820000,3886.33
1621999118767000,0,0.24332626,3887.47
1621999201678000,0,0.12126627,3925.85
1621999210355000,1,0.18360000,3922.39
1621999210355000,1,0.23792626,3921.98
1621999519540000,0,0.17100000,3935.12
1621999911513000,0,0.38060372,3946.35
1621999911520000,0,0.00000001,3946.35
1621999948174000,1,0.17820000,3940.93
1621999953878000,1,0.11888576,3930.91
1622000184473000,1,0.20400307,3917.62
1622000586187000,1,0.05757494,3928.43
1622000810813000,0,0.18000000,3955.66
1622000843915000,0,0.18000000,3961.09
1622000844204000,0,0.22532126,3961.09
1622000844408000,0,0.03613417,3961.09
1622001007412000,0,0.38013700,3934.97
1622002164655000,1,0.01960511,3900.00
1622002164697000,1,0.00000001,3900.00
1622002363203000,1,0.12160991,3866.66
1622002397666000,0,0.18000000,3873.44
1622002397771000,0,2.57958199,3873.44
1622002397808000,0,0.19903564,3873.44
1622002397915000,0,0.20193769,3873.44
1622002398274000,0,0.90422829,3873.44
1622003012461000,1,0.42486771,3893.00
1622003428347000,1,2.33092680,3845.31
1622003919257000,0,0.35197489,3887.09
1622004632082000,0,0.03154924,3870.14
1622004702689000,1,0.08964372,3857.18
1622004842645000,0,0.03688700,3867.20
1622005220345000,1,2.02527601,3853.06
1622005406184000,0,0.11915075,3866.95
1622005436202000,1,0.01000000,3860.00
1622005676507000,1,0.38819601,3860.34
1622006241823000,0,0.03365339,3874.20
1622006598159000,1,0.17280000,3845.51
1622006763619000,0,0.14821064,3851.15
1622006763619000,0,0.02458936,3851.15
1622006763816000,0,0.04190670,3851.97
1622006764145000,0,0.13089330,3851.97
1622006764145000,0,0.17460000,3853.09
1622007133210000,0,1.03193317,3876.22
1622007160951000,0,0.17835209,3876.22
1622007310382000,1,0.08067447,3880.51
1622007739733000,0,0.18000000,3914.00
1622007751026000,0,0.12134784,3914.00
1622007955459000,1,0.18000000,3888.97
1622007955671000,1,0.12328853,3888.97
1622007999198000,1,2.00000000,3875.89
1622008719335000,1,0.17460000,3836.29
1622008719335000,1,0.17280000,3835.89
1622008719335000,1,0.94378542,3834.38
1622009832404000,0,0.38747972,3879.72
1622010094234000,1,0.17640000,3919.61
1622010094331000,0,0.18000000,3919.45
1622010094459000,0,0.07040840,3919.45
1622010253711000,1,0.12164207,3929.78
1622010253905000,1,0.00000001,3929.78
1622010261524000,0,0.18368743,3932.06
1622010261525000,0,0.00171257,3932.06
1622010261690000,0,0.17640000,3932.91
1622010261690000,0,0.32693755,3934.02
1622010261691000,0,0.12164208,3934.02
1622010262385000,1,0.18000000,3932.06
1622010340300000,0,0.18000000,3945.21
1622010340643000,0,0.11975463,3945.21
1622010341210000,0,0.25870475,3945.21
1622010341334000,0,0.18000000,3945.21
1622010341464000,0,0.10916399,3945.21
1622010342363000,0,0.01173496,3945.21
1622010508038000,1,0.09867365,3937.40
1622010520439000,1,0.00368743,3932.06
1622010584870000,1,2.54013551,3941.03
1622010585396000,1,2.54013551,3941.03
1622010585931000,1,1.13787499,3941.03
1622010910242000,0,0.37715382,3983.05
1622010910242000,0,0.12284618,3984.15
1622010920589000,0,0.02509347,3985.10
1622010937960000,0,0.18180000,3997.30
1622010937960000,0,0.13682823,3998.45
1622010969783000,1,0.21913797,3995.31
1622010969925000,1,0.05122903,3995.31
1622010978089000,0,0.02200004,4002.95
1622010978089000,0,0.37583016,4002.97
1622010978089000,0,0.18180000,4004.77
1622010978089000,0,0.37548058,4005.32
1622010978089000,0,0.84036577,4006.34
1622011454373000,0,0.12220920,4044.13
1622011454373000,0,0.17640000,4044.14
1622011454373000,0,0.18540000,4044.96
1622011454373000,0,0.01599080,4045.04
1622012005831000,0,0.21492988,4006.26
1622012095865000,0,0.18000000,4012.19
1622012193761000,0,0.24942258,4009.26
1622012410778000,0,0.18000000,3991.11
1622012411765000,0,0.18000000,3991.11
1622012412073000,0,0.39057742,3991.11
1622012673891000,0,0.01258833,3971.93
1622012715301000,1,0.17280000,3957.32
1622012715301000,1,0.14582823,3956.33
1622013091286000,0,0.12317951,3953.59
1622013091513000,0,0.00000001,3953.59
1622013124627000,0,0.10233187,3959.47
1622013509987000,0,0.15130312,3956.15
1622013510025000,0,0.00000001,3956.15
1622013572258000,0,0.00760067,3947.02
1622013828406000,0,0.06578301,3959.29
1622014003125000,1,0.12309240,3947.91
1622014112393000,0,0.04853184,3955.34
1622014116249000,0,0.18000000,3955.34
1622014164457000,1,2.52736284,3960.00
1622014397466000,1,1.08142500,4000.00
1622014443301000,0,0.20856583,3995.99
1622014443301000,0,0.10694269,3996.00
1622014709244000,0,0.01670279,3990.35
1622015233455000,1,0.00692823,3998.22
1622015899562000,1,0.17279917,4008.04
1622016076437000,1,0.00000083,4008.04
1622016406371000,1,0.18180000,3963.69
1622016406371000,1,0.13370852,3963.64
1622016781120000,0,0.18540000,3891.72
1622016781120000,0,0.16920000,3892.70
1622016781120000,0,0.10428292,3893.65
1622016781120000,0,0.12329040,3893.66
1622016781187000,1,0.17460000,3895.60
1622016781199000,1,0.17279998,3895.60
1622016781214000,1,0.10428292,3895.60
1622016781242000,1,0.16412611,3895.60
1622016842248000,0,0.32317710,3895.60
1622016842248000,0,0.32317968,3895.60
1622016848973000,1,0.17460000,3904.99
1622016848973000,1,0.17820000,3904.26
1622016848973000,1,0.19996517,3903.04
1622017222884000,1,0.18000000,3910.00
1622017223235000,1,0.32000000,3910.00
1622018033739000,0,0.12600901,3967.97
1622018453742000,0,0.10685592,3962.53
1622018461417000,0,0.00000001,3962.53
1622018612330000,0,0.18720000,3982.00
1622018782304000,0,0.76151191,3966.24
1622019385307000,0,0.37991093,3954.88
1622019439264000,0,0.18000000,3959.52
1622019440457000,0,0.18000000,3959.52
1622019441076000,0,0.83798233,3959.52
1622022075013000,1,0.17280000,3939.28
1622022075013000,1,0.16444241,3939.27
1622022112420000,1,0.11988727,3940.93
1622022444915000,1,0.02509347,3957.42
1622023680314000,1,0.00545154,3913.53
1622023680314000,1,0.03543499,3913.53
1622023680314000,1,0.01362884,3913.53
1622023680314000,1,0.38259306,3911.90
1622023680727000,1,0.18541774,3910.89
1622023680727000,1,0.00545154,3909.06
1622023680727000,1,0.01362884,3909.06
1622023680727000,1,0.01710327,3907.05
1622024034694000,1,0.27880083,3896.76
1622024046753000,1,0.11915075,3890.56
1622024498261000,0,0.18000000,3948.67
1622024498261000,0,0.07828687,3950.08
1622024615248000,1,1.12838268,3920.41
1622026383416000,0,1.00000000,3935.49
1622026417638000,0,1.02527601,3935.49
1622026747676000,0,0.21396932,3962.39
1622026748909000,0,0.79186081,3962.39
1622027259111000,1,0.12181080,3894.18
1622030277652000,0,0.15192432,3967.37
1622030558750000,1,0.02037030,3951.60
1622030558750000,1,0.04814303,3951.43
1622030558750000,1,0.20185367,3951.42
1622030748071000,1,0.00510339,3969.40
1622031222014000,0,0.06228542,4013.78
1622031337858000,0,0.01245159,4015.55
1622031674962000,0,0.18540000,4005.95
1622031675067000,1,0.01460000,4005.99
1622031744143000,0,0.17280000,4017.88
1622031744143000,0,0.37381375,4019.88
1622031744143000,0,0.18180000,4020.29
1622031744143000,0,0.17460000,4020.30
1622031744143000,0,0.18900000,4021.31
1622031744143000,0,0.12061464,4022.30
1622031744143000,0,1.27415035,4022.30
1622031767325000,0,0.37397379,4015.51
1622031767325000,0,0.12040608,4018.24
1622031767325000,0,0.37371937,4018.26
1622031767325000,0,0.87379603,4020.14
1622031794872000,0,0.06464500,4022.33
1622032063594000,0,0.01245677,4013.88
1622032349922000,0,0.17456024,4007.90
1622032401787000,1,0.17459801,3995.12
1622032402046000,1,0.18540000,3996.10
1622032402046000,1,1.56960000,3995.13
1622032470784000,1,0.04655992,3994.13
1622032619377000,1,0.03712875,3987.01
1622032691872000,1,0.18388756,3984.50
1622032963074000,0,0.18000000,4019.23
1622033020055000,1,0.17280000,4015.71
1622033020055000,1,0.03720000,4014.36
1622033067155000,0,0.26547753,4021.51
1622033154067000,1,0.17460000,4005.17
1622033154067000,1,0.09087753,4003.97
1622033597931000,1,0.03232455,4002.53
1622033597931000,1,0.01628648,4002.52
1622033597947000,1,0.07925808,4002.52
1622034349714000,1,0.01272682,3928.71
1622034461521000,0,0.16951217,3930.08
1622034576147000,0,0.17820000,3916.52
1622034576147000,0,0.18540000,3917.61
1622034711042000,1,0.10245982,3904.75
1622034827063000,1,0.03154924,3903.91
1622034888799000,0,0.10813000,3918.38
1622035058796000,1,0.05523315,3867.31
1622035058870000,1,0.12269400,3864.90
1622035059100000,1,0.47485476,3854.63
1622035059146000,1,0.11080070,3854.63
1622035059327000,0,0.11046438,3867.31
1622035142812000,1,0.14971409,3864.90
1622035145147000,1,0.11360798,3852.37
1622035303834000,0,0.18360000,3824.85
1622035566603000,1,0.12330192,3837.60
1622035648194000,1,0.18000000,3830.51
1622035649395000,1,0.18000000,3830.51
1622035649773000,1,0.55429249,3830.51
1622035650642000,1,0.18000000,3830.51
1622035722542000,1,0.18000000,3830.51
1622035722543000,1,1.46717144,3830.51
1622035829883000,0,0.19301499,3850.37
1622035831300000,0,2.41006729,3850.76
1622035966780000,0,0.38845888,3869.17
1622035966866000,1,0.35008194,3869.17
1622036462325000,0,0.17065522,3794.34
1622036482868000,1,0.18000000,3803.79
1622036482868000,1,0.07828687,3802.83
1622036831966000,0,0.21277000,3824.01
1622037461763000,0,0.04392706,3769.76
1622037461926000,1,0.18000000,3758.68
1622037461926000,1,0.21518000,3756.81
1622037461926000,1,0.10482000,3756.79
1622037462022000,1,0.02865392,3758.69
1622037462022000,1,0.08058000,3756.79
1622037462022000,1,0.18360000,3756.78
1622037462022000,1,0.07175519,3754.92
1622037462022000,1,0.13541089,3754.91
1622037462745000,1,0.18000000,3758.68
1622037462745000,1,0.02865392,3756.80
1622037462745000,1,0.40000000,3753.25
1622037462745000,1,1.02821352,3753.23
1622037509549000,0,1.95607294,3769.76
1622037687022000,1,0.12435744,3762.54
1622037782180000,1,0.18180000,3801.05
1622037782180000,1,0.03312988,3800.83
1622037814947000,1,0.15348711,3793.04
1622038204002000,1,0.53153478,3826.50
1622038205551000,1,0.21524163,3826.50
1622038206133000,1,0.00000001,3826.50
1622038798544000,0,0.17460000,3845.87
1622038798544000,0,0.17280000,3847.58
1622038798544000,0,0.17640000,3847.59
1622038798621000,1,0.18000000,3847.61
1622038798679000,1,0.29569319,3847.61
1622039260557000,0,0.06942310,3862.31
1622039317462000,0,0.18000000,3861.14
1622039318230000,0,0.11281549,3859.38
1622039336550000,0,0.01222744,3860.73
1622039536944000,0,0.25353635,3874.75
1622039771534000,0,0.18000000,3882.83
1622039777504000,0,0.02193395,3886.36
1622039918496000,0,0.02340902,3872.32
1622040065135000,0,0.38811907,3870.20
1622040232240000,0,0.17280000,3873.47
1622040232240000,0,0.21501719,3873.67
1622040289309000,0,0.02358900,3873.26
1622040309494000,0,0.10000000,3870.07
1622042303930000,1,0.12316320,3765.09
1622042517238000,0,0.18159080,3766.27
1622042752455000,1,0.01332853,3751.35
1622042752455000,1,0.24020782,3750.00
1622042767974000,1,0.25979218,3750.00
1622042947446000,0,0.01332853,3766.64
1622043095194000,0,0.18000000,3797.96
1622043095194000,0,0.18360000,3798.75
1622043095194000,0,1.25387772,3799.06
1622043140651000,0,0.10000000,3799.91
1622044872582000,1,0.18000000,3773.97
1622044872582000,1,0.07000000,3773.21
1622045070719000,1,0.17459877,3813.83
1622045122009000,1,0.05784143,3820.41
1622045242090000,0,0.06509378,3833.70
1622045362012000,1,0.06521056,3817.94
1622045377323000,1,0.00000123,3813.83
1622045595088000,1,0.18180000,3807.26
1622045595088000,1,0.06570000,3806.77
1622045608700000,1,0.05478902,3808.09
1622045617197000,0,0.17639896,3817.80
1622045627427000,0,0.00000001,3817.80
1622045693891000,1,0.06187500,3812.98
1622045709408000,1,0.01205683,3818.78
1622045709408000,1,0.00578368,3818.77
1622045759865000,1,0.01287044,3829.30
1622045759865000,1,0.36212956,3827.21
1622046079139000,0,0.12303768,3843.87
1622046098027000,0,0.17820000,3838.09
1622046098027000,0,0.39113663,3840.01
1622046098027000,0,0.12316224,3840.48
1622046098027000,0,0.18360000,3840.49
1622046098027000,0,1.04384639,3842.40
1622046126273000,0,0.16433500,3838.41
1622046143163000,0,0.03730735,3841.87
1622046191793000,0,0.39071439,3841.60
1622046396636000,0,0.39108580,3836.77
1622047087057000,1,0.39535442,3785.44
1622047087354000,1,0.05684234,3785.27
1622047087725000,1,0.13637322,3785.27
1622047089027000,0,0.18180000,3781.38
1622047089041000,0,0.17640000,3779.49
1622047089865000,0,0.52068556,3781.38
1622047089934000,0,0.12317232,3781.38
1622047233940000,0,0.17280000,3772.23
1622047233940000,0,0.07727721,3773.54
1622047261696000,1,0.01272682,3760.60
1622047283477000,0,0.06614911,3769.08
1622047640277000,0,0.26480800,3783.71
1622047640277000,0,0.04105804,3783.73
1622047640631000,0,0.21747091,3783.73
1622047701878000,1,0.18000000,3769.82
1622047702864000,1,1.45620072,3769.82
1622048003538000,0,0.16388557,3765.69
1622048004301000,0,0.18000000,3765.69
1622048004307000,0,0.55696868,3765.69
1622048077605000,0,0.11153356,3784.89
1622048079153000,0,0.01782893,3784.89
1622048079153000,0,0.24024802,3784.89
1622048404045000,1,0.51679234,3746.47
1622048408049000,1,0.01338369,3735.89
1622048425742000,1,0.55107258,3720.00
1622048428672000,1,0.01345155,3717.04
1622048428713000,1,0.00000001,3717.04
1622048430196000,0,0.17999999,3715.19
1622048432345000,0,0.00000001,3715.19
1622048753619000,1,0.01353494,3694.14
1622048779631000,0,0.01353494,3709.20
1622049010760000,0,0.90085425,3718.18
1622049010760000,0,0.40361108,3725.39
1622049010760000,0,1.49471117,3725.41
1622049010760000,0,0.18540000,3725.45
1622049010760000,0,0.40341099,3727.45
1622049010760000,0,0.18720000,3727.65
1622049010760000,0,0.39000000,3728.79
1622049010760000,0,0.34936553,3728.80
1622049123953000,0,0.18162060,3708.57
1622049194766000,0,0.34769138,3707.08
1622049194774000,0,0.00000001,3707.08
1622049443370000,1,0.02380219,3722.75
1622049464838000,1,0.17280000,3723.67
1622049464838000,1,0.10381752,3723.66
1622049479071000,1,0.17820000,3725.17
1622049479071000,1,0.17460000,3725.16
1622049479071000,1,0.18540000,3724.55
1622049479071000,1,0.07200000,3723.67
1622049479071000,1,0.10440000,3723.67
1622049479071000,1,0.07807236,3723.31
1622049479071000,1,0.40221633,3723.30
1622049479071000,1,0.19520956,3721.82
1622049479071000,1,0.50739254,3721.82
1622049479071000,1,1.57116267,3721.81
1622049479071000,1,0.40243253,3721.34
1622049479071000,1,0.29647530,3718.09
1622049479071000,1,0.14699173,3717.81
1622049496721000,0,0.01345155,3735.89
1622049543518000,0,0.01338369,3750.97
1622049845690000,0,0.32278867,3770.74
1622050115828000,0,0.05258038,3757.88
1622050298672000,0,0.02138040,3778.72
1622050394692000,0,0.02638341,3790.26
1622050512889000,0,0.13970155,3784.72
1622050513374000,0,0.25696223,3784.72
1622050806089000,1,0.44310148,3786.21
1622050806974000,1,0.47356607,3786.21
1622050807346000,1,0.16059819,3783.82
1622050807507000,1,2.29077870,3783.82
1622051901454000,0,0.49244175,3795.69
1622051930984000,0,0.16079908,3797.28
1622052339384000,0,0.01100579,3789.82
1622052373684000,1,0.08272184,3776.27
1622052586953000,0,0.01639708,3759.15
1622053059477000,0,0.13885613,3781.11
1622053268126000,0,0.39658182,3787.46
1622053268126000,0,0.39639538,3789.51
1622053268126000,0,0.52660799,3789.95
1622053272683000,0,0.01690353,3789.51
1622053665088000,0,0.18000000,3782.92
1622053665088000,0,0.11492087,3784.52
1622054040455000,0,0.10000000,3795.83
1622054165862000,0,0.17633112,3778.85
1622054165929000,0,0.00000001,3778.85
1622054224682000,1,0.01316640,3776.64
1622054224682000,1,0.03291600,3776.64
1622054251662000,0,0.04384252,3783.81
1622054335677000,1,0.04193364,3778.83
1622054349260000,0,0.21711941,3786.74
1622054353358000,0,0.17953603,3786.74
1622054601097000,1,0.17279854,3764.21
1622054601141000,1,0.00000146,3764.21
1622054601141000,1,0.16096829,3763.44
1622055150279000,1,0.01802539,3770.31
1622055346670000,0,0.12405801,3763.31
1622055503299000,0,0.38531437,3794.81
1622055530666000,0,2.63293231,3794.81
1622055531772000,0,0.11062631,3794.81
1622055873221000,0,0.15191845,3754.55
1622056464849000,0,0.18540000,3755.49
1622056464849000,0,0.18540000,3756.67
1622056464849000,0,0.40028811,3756.87
1622056464849000,0,0.75304655,3757.57
1622056534455000,1,0.01338043,3736.80
1622056909146000,1,1.61138970,3703.29
1622057136416000,1,0.01359954,3676.59
1622057136437000,1,0.00000001,3676.59
1622057137098000,1,0.01258833,3667.96
1622057175863000,0,0.02079200,3680.17
1622057309696000,0,0.01359954,3695.24
1622057309696000,0,0.00000001,3695.24
1622057805215000,0,0.18000000,3700.89
1622057871751000,0,0.18000000,3706.94
1622057932408000,0,0.18000000,3706.94
1622057933395000,0,0.18000000,3706.94
1622058212624000,0,0.06382680,3705.34
1622059782442000,0,0.04738447,3743.42
1622059879767000,0,0.01338043,3751.88
1622060286362000,1,0.00881514,3748.34
1622060413011000,0,1.07747772,3760.00
1622060528882000,1,0.12363432,3762.78
1622060825509000,0,0.10000000,3786.90
1622061163942000,0,1.56234428,3795.86
1622061245599000,0,0.00687466,3809.73
1622061245599000,0,0.39429276,3809.74
1622061245599000,0,0.19883258,3811.13
1622061292290000,0,0.00654405,3820.26
1622061384988000,0,0.01310770,3814.55
1622061395309000,1,0.11121127,3802.61
1622061807278000,0,0.00654592,3819.17
1622063239496000,0,0.03940699,3842.41
1622063239503000,0,0.00000001,3842.41
1622063603215000,0,0.17280000,3850.96
1622063603215000,0,0.18540000,3851.01
1622063603325000,1,0.18000000,3851.01
1622063603478000,1,0.21318989,3851.01
1622064735618000,1,0.27901978,3815.50
1622066220056000,1,0.12187032,3850.02
1622067497079000,0,0.01174042,3882.61
1622067497079000,0,0.38681179,3882.62
1622067497079000,0,0.60144779,3883.87
1622067878676000,0,0.38709114,3879.96
1622067878677000,0,0.00000001,3879.96
1622067878875000,1,0.18000000,3881.48
1622067930048000,0,0.00513341,3896.04
1622070130077000,1,0.28083875,3865.59
1622070143891000,0,0.38844100,3866.04
1622070143968000,0,0.00000576,3866.04
1622070143968000,0,0.38837924,3868.95
1622070876994000,1,0.38816279,3859.46
1622070876994000,1,0.18540000,3858.74
1622070876994000,1,0.18180000,3857.77
1622070876994000,1,0.56422240,3857.72
1622071156170000,1,0.17326732,3865.53
1622071401739000,0,0.09905099,3896.47
1622071401750000,0,0.00000001,3896.47
1622072522067000,0,0.01662989,3929.28
1622072522830000,0,0.00000001,3929.28
1622072522830000,0,0.12685428,3941.53
1622072557637000,0,0.17460000,3936.09
1622072557637000,0,0.01269156,3936.94
1622072879068000,0,0.38096109,3941.61
1622072898358000,0,0.00005893,3941.61
1622072906824000,0,0.18000000,3950.00
1622072907040000,0,0.06020782,3950.00
1622072907040000,0,0.25979217,3950.00
1622072911246000,0,0.00000001,3950.00
