timestamp ms,type,amount,price
1622246457759000,1,0.08910000,3238.9300
1622246457759000,1,0.09000000,3238.1100
1622246457759000,1,0.04925250,3237.3200
1622246457759000,1,0.09180000,3237.3100
1622246457759000,1,0.09090000,3237.1900
1622246457759000,1,0.23409343,3235.7200
1622246584168000,1,0.11063448,3258.2000
1622247276817000,0,0.31779916,3285.6600
1622247445182000,0,0.09000000,3297.6500
1622247445182000,0,0.09090000,3298.3600
1622247445182000,0,0.13569338,3298.4700
1622248475767000,1,0.18689399,3293.5400
1622249648724000,0,0.08640000,3348.6200
1622249648724000,0,1.46547720,3350.2900
1622249648724000,0,0.09090000,3350.3000
1622249648724000,0,0.08730000,3351.1400
1622249648724000,0,0.03113665,3351.9600
1622251476428000,0,0.36126858,3372.0800
1622252552544000,0,0.08910000,3381.6100
1622252552544000,0,0.44447893,3381.8900
1622252552544000,0,0.44427849,3383.6900
1622252552544000,0,0.89963721,3385.6900
1622252552544000,0,0.36200381,3385.7000
1622252935357000,1,0.06435827,3350.6400
1622253333614000,1,0.09090000,3331.4200
1622253333614000,1,0.09090000,3331.4100
1622253333614000,1,0.08730000,3330.5500
1622253333614000,1,0.01894039,3329.7700
1622253333614000,1,1.47317346,3329.7600
1622254262651000,1,0.20046864,3379.9800
1622254435280000,0,0.25000000,3380.0400
1622255350031000,1,0.08820000,3333.7900
1622255350031000,1,0.01615904,3332.7600
1622255350031000,1,0.04039759,3332.7600
1622255350031000,1,0.08910000,3332.7400
1622255350031000,1,0.01614337,3332.5200
1622256059835000,1,0.44967468,3330.8800
1622256059835000,1,0.13096440,3328.1700
1622256059835000,1,0.00716137,3328.1600
1622256059835000,1,0.01790341,3328.1600
1622256059835000,1,0.45011973,3328.1500
1622256059835000,1,0.03293742,3327.0100
1622256060124000,1,0.04654539,3328.1800
1622258602504000,0,0.09270000,3342.3300
1622259125101000,1,0.26777137,3360.6100
1622259125125000,1,0.09000000,3360.6100
1622259125316000,1,2.21194234,3360.6100
1622260067264000,1,1.50000000,3344.0000
1622260121684000,1,0.50000000,3340.0000
1622260616013000,0,0.09180000,3336.1000
1622263127266000,0,0.27855871,3368.5200
1622263174830000,1,2.97465223,3365.0000
1622263175296000,1,0.44639822,3365.0000
1622263175317000,1,2.97589433,3365.0000
1622263175659000,1,0.34941788,3365.0000
1622263175711000,1,0.09000000,3365.0000
1622263175829000,1,2.97708209,3365.0000
1622263175852000,1,0.13014648,3365.0000
1622263175891000,1,0.17111739,3365.0000
1622263176347000,1,2.97705950,3365.0000
1622263176865000,1,1.97431806,3365.0000
1622263636653000,0,0.07670582,3364.9200
1622264582393000,0,0.17614999,3292.9100
1622264921152000,0,0.36754528,3312.7900
1622264921206000,0,0.00000001,3312.7900
1622265473228000,1,0.38999999,3359.7300
1622265521324000,0,2.95561384,3380.0000
1622265521782000,0,2.95542302,3380.0000
1622265522335000,0,2.95533778,3380.0000
1622265522745000,0,0.09000000,3380.0000
1622265522845000,0,2.95508189,3380.0000
1622265523361000,0,2.95446011,3380.0000
1622265524395000,0,0.20016953,3380.0000
1622265524513000,0,0.00000001,3380.0000
1622266324212000,0,0.14047149,3416.0600
1622266761843000,1,0.07343194,3417.4300
1622266761843000,1,0.02937690,3417.4300
1622266761843000,1,0.13972918,3416.4800
1622269886774000,0,0.06674204,3437.5400
1622269942174000,0,0.09090000,3432.1700
1622269942174000,0,0.03792240,3433.0800
1622270105073000,0,0.09090000,3430.9800
1622270105073000,0,0.00881489,3431.0000
1622271025139000,1,0.09000000,3399.0000
1622271027161000,1,0.00123462,3399.0000
1622275125747000,1,0.29827755,3356.6400
1622277428904000,0,0.13075845,3319.2500
1622279776810000,1,0.08199054,3277.3600
1622279854889000,1,0.25000000,3250.0000
1622279854889000,1,0.05000000,3250.0000
1622280769485000,1,1.93372993,3229.9000
1622284576262000,0,1.73571332,3262.3800
1622285940783000,0,0.16594194,3268.7000
1622286201465000,1,0.50000000,3260.0000
1622286932355000,1,0.07693089,3252.0600
1622286932357000,1,0.00946911,3252.0600
1622286932357000,1,0.07757337,3251.4500
1622286932497000,1,0.04254936,3251.9100
1622287228226000,0,0.46653108,3221.4400
1622287228356000,1,0.46653108,3222.1100
1622287228512000,1,3.10940716,3222.1100
1622287229635000,1,3.10885223,3222.1100
1622287230138000,1,3.10883485,3222.1100
1622287230757000,1,3.10894314,3222.1100
1622287231313000,1,2.43525537,3222.1100
1622287384568000,1,0.04988765,3208.8100
1622287629186000,0,0.06680929,3255.0600
1622287629865000,0,0.00000001,3255.0600
1622287666000000,1,0.45878221,3264.9300
1622287666302000,0,3.05799080,3264.9300
1622287666919000,0,3.05802186,3264.9300
1622287667111000,0,0.45878221,3264.9300
1622287667488000,0,3.05912029,3264.9300
1622287668069000,0,3.05829906,3264.9300
1622287668446000,0,0.45871547,3264.9300
1622287668703000,0,2.19464301,3264.9300
1622287833656000,0,1.21090652,3295.0000
1622289412608000,0,0.05000000,3340.0000
1622289511003000,1,0.01624212,3329.8900
1622289769077000,1,0.01935630,3278.3800
1622290762873000,1,0.05562342,3259.0900
1622290860923000,1,0.46070488,3252.9700
1622291158145000,0,0.08820000,3260.3700
1622291158145000,0,0.09180000,3260.3800
1622291158145000,0,0.09180000,3261.0600
1622291158145000,0,0.46084901,3262.0200
1622291158145000,0,0.93088398,3264.1100
1622291158145000,0,0.46062844,3264.1200
1622291158145000,0,1.58217409,3265.3000
1622291158145000,0,0.76907640,3265.3100
1622291158145000,0,0.52458808,3266.3000
1622291716457000,1,0.09000000,3256.4100
1622291717563000,1,0.14148190,3256.4100
1622292125706000,0,0.22596703,3227.1900
1622292125797000,0,0.00000001,3227.1900
1622292126127000,1,0.09270000,3220.5000
1622292126127000,1,0.02305609,3220.4200
1622292126127000,1,0.09000000,3220.4100
1622292126127000,1,0.02572581,3218.9000
1622292456025000,0,0.09179999,3223.5100
1622292496772000,0,0.00000001,3223.5100
1622294714043000,1,0.09000000,3167.9200
1622294714043000,1,0.09270000,3167.7200
1622294714043000,1,0.09000000,3166.6100
1622294714043000,1,0.36169254,3166.3400
1622295248289000,1,0.01157469,3139.7000
1622295248488000,1,0.06537922,3139.7000
1622295828873000,0,0.08640000,3167.6000
1622295828873000,0,0.09540000,3168.6500
1622295828873000,0,0.47434052,3169.1800
1622295828873000,0,0.47418496,3170.1400
1622295828873000,0,0.38288279,3172.0700
1622295828873000,0,0.33662117,3172.0700
1622296125646000,0,0.01462770,3200.0000
1622296467107000,1,0.09000000,3183.3300
1622296467107000,1,0.09180000,3182.0200
1622296467107000,1,0.08820000,3182.0100
1622296467107000,1,0.09462186,3181.8300
1622296467107000,1,0.47083998,3181.8200
1622296467107000,1,0.23660237,3180.4300
1622296467107000,1,0.61514491,3180.4300
1622296467107000,1,0.16262032,3180.4200
1622296567052000,1,0.13052016,3187.5300
1622296651853000,0,0.00000001,3200.0000
1622296652710000,0,0.14838699,3205.9600
1622297086361000,0,0.17615000,3247.3000
1622297086361000,0,0.08640000,3249.0300
1622297086361000,0,0.23745000,3249.3100
1622297291005000,0,0.46086441,3262.1200
1622298944862000,1,0.09180000,3178.7800
1622298945076000,0,0.90820000,3178.5300
1622299892292000,0,2.00000000,3182.0000
1622300994531000,0,0.09270000,3148.9000
1622300994531000,0,0.00730000,3149.8400
1622301205016000,1,0.50000000,3109.0000
1622301544766000,0,1.57010276,3107.4400
1622301590936000,1,0.00687323,3106.5800
1622301994004000,1,0.00700000,3101.6000
1622301994004000,1,0.06451612,3100.0000
1622301994004000,1,0.10118313,3100.0000
1622301995038000,1,0.09881686,3100.0000
1622302000066000,1,0.00000001,3100.0000
1622302126005000,1,0.13291080,3060.3500
1622302126005000,1,0.00913244,3060.3500
1622302445088000,0,0.48519316,3097.9300
1622302445088000,0,0.08820000,3098.0500
1622302445088000,0,0.08910000,3099.2700
1622302445088000,0,0.39000000,3099.5900
1622302445088000,0,0.48493089,3100.2700
1622302445088000,0,0.36061732,3105.3300
1622302662454000,1,0.07023336,3093.7300
1622302863233000,1,1.61089364,3106.3100
1622302863233000,1,0.06613224,3101.7700
1622302863233000,1,0.22101549,3101.7600
1622302896180000,0,0.09180000,3109.1600
1622302896180000,0,0.23116237,3110.7100
1622302904920000,0,0.08910000,3107.7700
1622303714850000,0,0.09000000,3082.1200
1622303714855000,0,1.35958811,3082.1200
1622303718156000,0,0.25610020,3082.1200
1622304087940000,1,0.20000000,3060.3500
1622305873352000,1,0.02000000,3095.9300
1622307044850000,0,0.09000000,3127.7600
1622307044850000,0,0.38973830,3128.1700
1622307752573000,1,0.09270000,3114.8000
1622307752573000,1,0.08730000,3114.6600
1622307752573000,1,0.07000000,3114.6500
1622307956847000,1,0.10000000,3100.0000
1622308923772000,1,0.04731625,3049.1700
1622308924928000,0,0.08999999,3047.9800
1622308924930000,0,0.00000001,3047.9800
1622309143040000,1,1.64790413,3046.0000
1622309337463000,1,0.01897531,3030.4300
1622309337463000,1,0.04769130,3029.4900
1622309337463000,1,0.09000000,3028.9500
1622309337463000,1,0.12399819,3028.2600
1622309440643000,1,0.09180000,3037.8300
1622309440643000,1,0.49320719,3036.5900
1622309440667000,1,0.02910203,3036.2200
1622309440667000,1,0.07275333,3036.2200
1622310100317000,1,3.33194612,3004.0000
1622310100839000,1,1.66805388,3004.0000
1622310161230000,1,0.05420570,3007.7000
1622310161230000,1,0.02168228,3007.6900
1622310161230000,1,0.00733439,3007.6800
1622310281201000,1,0.08312054,3002.7900
1622310401311000,1,0.08325590,3004.2400
1622310443191000,1,0.01000000,3000.0000
1622310443191000,1,0.08000000,3000.0000
1622310466526000,1,0.02000000,3000.0000
1622310625360000,1,0.50149523,2986.2000
1622310625360000,1,0.09089999,2986.1400
1622310630205000,1,0.25207846,2986.2000
1622310630690000,1,0.00899998,2985.7000
1622310631071000,1,0.00000002,2985.7000
1622310881858000,1,0.08389571,2975.9100
1622311001929000,1,0.08400791,2989.7000
1622311122034000,1,0.08362043,2973.9600
1622311617580000,0,0.08910000,2986.8800
1622311617580000,0,0.09180000,2987.1400
1622311617580000,0,0.08910000,2987.8100
1622311617580000,0,0.03000000,2988.3700
1622311899213000,1,0.00700000,2945.0000
1622312240942000,1,0.02635150,2931.4900
1622312683824000,1,0.08511507,2937.7600
1622312803848000,1,0.08511507,2945.1800
1622313327105000,1,0.30000000,2980.4800
1622313506838000,0,0.39327922,2976.8000
1622313652272000,1,0.09089999,2965.7800
1622313652301000,1,0.00000001,2965.7800
1622314016780000,1,0.09090000,2941.4500
1622314016780000,1,0.04724640,2941.0900
1622314016879000,1,0.03915360,2941.0900
1622314016879000,1,0.06443821,2939.9900
1622314016879000,1,0.09090000,2939.9800
1622314016879000,1,0.45750819,2938.5400
1622314271028000,1,0.09122770,2948.9800
1622314271077000,1,0.07162437,2948.9800
1622314485030000,1,0.07220964,2933.8000
1622314485030000,1,0.01269326,2933.7900
1622314506509000,0,0.14239113,2947.3100
1622314640040000,1,1.28862920,2952.6200
1622314725272000,1,0.08473197,2952.6000
1622315137981000,0,0.22905300,2974.6900
1622315602883000,1,0.05306251,2922.5900
1622315602904000,1,0.00000001,2922.5900
1622315718897000,0,0.09263099,2919.2500
1622315718971000,0,0.00000001,2919.2500
1622315720761000,1,0.12209651,2917.4200
1622315895747000,1,0.09000000,2904.0000
1622315896350000,1,0.43085773,2904.0000
1622315896354000,1,0.04985744,2904.0000
1622315896357000,1,0.09633461,2904.0000
1622315896926000,1,0.10888936,2904.0000
1622315897216000,1,0.36551124,2904.0000
1622315897227000,1,0.03358315,2904.0000
1622315897941000,1,0.09000000,2904.0000
1622315899059000,1,0.09000000,2904.0000
1622315899297000,1,0.67478740,2904.0000
1622315988887000,1,0.13592185,2897.8200
1622315988891000,1,0.13983744,2897.8200
1622315988986000,0,0.09000000,2902.9800
1622315988986000,0,0.01000000,2903.5100
1622316278615000,0,0.21988500,2893.3900
1622316470740000,1,0.08909999,2886.3700
1622316585465000,1,0.00000001,2886.3700
1622316647159000,1,0.08664409,2869.4400
1622316650698000,0,0.14118288,2876.8600
1622316650698000,0,0.38978947,2876.8700
1622316650711000,0,0.00000001,2876.8700
1622316663724000,0,0.29286520,2884.4300
1622316839885000,0,0.81235322,2925.2800
1622316907121000,0,0.03422847,2939.9500
1622317018311000,1,0.39673368,2926.5300
1622317018350000,1,0.09000000,2926.5300
1622317018894000,1,0.32485370,2926.5300
1622317735024000,1,0.07527093,2942.8800
1622317735058000,1,0.13885055,2933.8300
1622318507066000,1,0.08820000,2960.3800
1622318507066000,1,0.01966494,2958.9100
1622318507066000,1,0.08910000,2958.9000
1622318507066000,1,0.09270000,2958.8800
1622318507066000,1,1.74015599,2957.4200
1622318919617000,0,0.04542776,2971.2800
1622318987093000,1,0.00700000,2961.5000
1622320572271000,1,0.09747231,2907.6100
1622320789597000,0,0.09090000,2955.0600
1622320789597000,0,0.09090000,2956.0600
1622320789597000,0,0.09270000,2956.0700
1622320789597000,0,0.22550000,2956.5300
1622321133543000,1,0.02420567,2946.8700
1622321133570000,1,0.00000001,2946.8700
1622321133592000,1,0.06052282,2945.9400
1622321133592000,1,0.15731238,2945.6300
1622321157090000,0,0.31778488,2949.2200
1622321160477000,1,0.07978430,2950.6900
1622321162141000,1,0.07979397,2949.2200
1622321353880000,1,0.16411064,2931.9200
1622322202056000,0,1.02953271,2956.2400
1622322555132000,0,0.50584008,2968.6600
1622322555132000,0,0.50559324,2970.1100
1622322555132000,0,0.08820000,2970.1500
1622322555132000,0,0.09270000,2971.1300
1622322555132000,0,1.72273930,2971.5700
1622322555132000,0,0.08820000,2971.8400
1622322555132000,0,0.84292817,2972.4600
1622322555132000,0,0.08640000,2972.5100
1622322555132000,0,0.40886222,2975.2000
1622322555132000,0,0.65853699,2975.2000
1622322556089000,0,0.10399579,2968.6600
1622322728920000,0,0.09180000,2969.8600
1622322813866000,0,0.10037276,2982.0400
1622322845430000,0,0.04363861,2982.4500
1622322910622000,0,0.05574599,2980.0200
1622323324506000,0,0.50314401,2985.9600
1622323324506000,0,1.29237570,2986.9100
1622323324506000,0,1.71462425,2986.9200
1622323324506000,0,0.09090000,2987.8100
1622323324506000,0,0.50294785,2987.8400
1622323324506000,0,0.01678799,2988.4200
1622323324506000,0,0.40690868,2988.4300
1622323324506000,0,0.08820000,2988.4400
1622323324506000,0,0.09090000,2989.3400
1622323324506000,0,0.29321152,2989.5000
1622323367724000,0,0.50379217,2981.5400
1622323367724000,0,0.50372092,2983.0800
1622323367724000,0,0.83985431,2983.7300
1622323367724000,0,0.10624680,2986.2400
1622323367724000,0,0.05883524,2986.2500
1622323368511000,0,0.05883524,2981.5400
1622323375426000,0,0.23108281,2981.5400
1622323590010000,1,1.69541694,2972.6000
1622323590010000,1,0.84599237,2972.5500
1622323644841000,0,0.50721702,2961.2100
1622323644848000,0,0.00000001,2961.2100
1622323645046000,1,0.09000000,2962.6900
1622324215490000,0,0.02361811,2965.5200
1622324253393000,0,0.09000000,2975.0000
1622324254422000,0,0.09000000,2975.0000
1622324255268000,0,0.13038582,2975.0000
1622324255457000,0,0.09000000,2975.0000
1622324256466000,0,0.09000000,2975.0000
1622324259362000,0,0.09000000,2975.0000
1622324260707000,0,0.09000000,2975.0000
1622324265506000,1,0.02361811,2966.4000
1622324280294000,0,1.34206362,2975.0000
1622324345604000,0,0.01560267,2988.5900
1622324622162000,0,0.13173711,2985.1500
1622325069072000,0,0.08820000,3027.2000
1622325069072000,0,0.49618609,3027.9600
1622325069072000,0,0.09090000,3028.0600
1622325069072000,0,0.09270000,3028.4800
1622325069072000,0,0.08550000,3029.2200
1622325069072000,0,0.49623312,3029.5700
1622325069072000,0,0.24601500,3029.9200
1622325069072000,0,0.38081458,3029.9300
1622325069444000,0,0.00825185,3028.4100
1622325399097000,1,0.98403345,3012.7100
1622325562290000,0,0.08640000,3038.3000
1622325562523000,0,0.20651226,3039.1900
1622325562683000,1,0.08640000,3038.3000
1622326270987000,0,0.02371053,3031.6800
1622326283952000,0,1.73773662,3031.6700
1622326284015000,1,0.09000000,3031.6700
1622326284061000,1,2.03186056,3031.6700
1622326320383000,0,0.13643529,3027.2300
1622326412427000,1,0.01560267,3007.8800
1622328367444000,1,0.21948529,3037.8800
1622328696880000,1,1.77817783,3002.6900
1622329413426000,0,0.09000000,3014.5600
1622329416708000,0,2.53449974,3014.5600
1622329523244000,0,2.60989513,3022.4800
1622330266613000,1,0.08820000,3038.1600
1622330266613000,1,0.09000000,3037.5100
1622330266613000,1,0.49318369,3037.3600
1622330266613000,1,0.09270000,3036.6100
1622330266613000,1,1.21246510,3036.0000
1622330661798000,1,0.12512265,3043.7000
1622330755630000,0,0.03267151,3060.7700
1622331258449000,0,0.08730000,3101.5000
1622331258449000,0,0.09090000,3102.5900
1622331258449000,0,0.09090000,3104.1500
1622331258449000,0,0.08550000,3104.9300
1622331258449000,0,0.27193000,3105.0500
1622331258449000,0,1.30633727,3105.6900
1622331451820000,0,0.48565295,3093.4500
1622331451820000,0,0.36835962,3094.5800
1622331773720000,1,0.61858298,3080.3200
1622332617363000,0,0.11365536,3060.8100
1622332617363000,0,0.37731364,3060.8200
1622332617593000,0,0.11366127,3060.8200
1622332617593000,0,0.19110941,3062.4200
1622332892540000,1,0.50905593,3056.3800
1622334593324000,0,0.15945630,2913.5800
1622334593450000,0,0.09000000,2913.5800
1622334593501000,1,0.03268962,2903.0300
1622335582463000,1,1.00000000,2869.4400
1622336366947000,1,0.25869129,2899.9500
1622336367141000,1,0.08730000,2901.3900
1622336367141000,1,0.17053051,2899.9500
1622336367397000,1,0.09179992,2901.3100
1622336367625000,1,0.00000008,2901.3100
1622336367625000,1,0.08999979,2900.9800
1622336367650000,1,0.00000021,2900.9800
1622336367650000,1,0.08730006,2899.9500
1622336367736000,0,0.09000000,2899.9500
1622336367814000,0,0.33920795,2899.9500
1622336368535000,1,0.09269994,2901.0300
1622336369056000,1,0.00000006,2901.0300
1622336369056000,1,0.17731391,2899.9500
1622336369286000,0,0.16039500,2899.9500
1622336369286000,0,0.01908984,2899.9600
1622336647595000,0,1.03443597,2940.4200
1622336895705000,1,1.79897506,2911.6400
1622336895705000,1,0.06859903,2909.8800
1622336895705000,1,0.06529318,2909.8600
1622339664859000,0,3.43957806,2905.0000
1622339665457000,0,3.43891815,2905.0000
1622339665985000,0,3.43892831,2905.0000
1622339666602000,0,3.43892512,2905.0000
1622339681964000,0,3.43883322,2905.0000
1622339687177000,0,0.89859667,2905.0000
1622340008036000,1,0.06832956,2907.7800
1622340008036000,1,0.16991645,2907.1400
1622340293496000,0,0.20428314,2896.4700
1622341643764000,0,1.27804719,2972.0200
1622342913411000,0,0.00733415,2999.5300
1622342973612000,1,0.50105821,2987.4800
1622342973612000,1,0.04600601,2986.1300
1622342973612000,1,0.11501502,2986.1300
1622342973612000,1,0.04600601,2985.8700
1622342973612000,1,0.44309468,2985.8600
1622342974092000,0,0.01615137,2985.9900
1622343326806000,1,0.01593113,2979.4900
1622344332140000,0,0.09270000,3012.0200
1622344498934000,0,0.08820000,3021.1900
1622344549300000,1,0.10456512,3029.1000
1622344669308000,0,0.25269040,3027.4200
1622344827135000,0,0.09270000,3033.7100
1622344876209000,0,0.06595000,3032.6000
1622346423791000,1,0.08820000,3020.4200
1622346619765000,0,0.00904003,3026.1500
1622347402186000,1,0.20039330,3038.9600
1622347402756000,1,0.10514532,3038.9600
1622349437783000,0,0.48800886,3076.6400
1622349437783000,0,0.08820000,3077.4400
1622349437783000,0,0.46352383,3077.8400
1622349462193000,0,0.06506858,3073.6800
1622351015204000,0,0.39628131,3070.8200
1622351021746000,0,0.16394142,3068.8400
1622352001230000,0,0.24427956,3108.9800
1622352197652000,0,0.00757036,3132.4800
1622352197652000,0,0.48009388,3132.4900
1622352197652000,0,0.12627953,3133.3400
1622352221306000,0,0.02961564,3146.2200
1622352221306000,0,0.06038436,3146.2300
1622352370737000,0,0.09000000,3150.0000
1622352371846000,0,0.01000000,3150.0000
1622352434884000,1,2.60315156,3136.1900
1622352506755000,0,0.09270000,3163.6800
1622352506755000,0,0.08890770,3164.3700
1622353011020000,1,0.23686314,3164.7600
1622353956094000,1,0.09000000,3194.4300
1622353956094000,1,0.01859246,3193.3100
1622353992823000,0,0.03127374,3197.5700
1622354141344000,0,0.09000000,3190.8000
1622354651190000,0,0.02681793,3208.8400
1622354669949000,0,0.46816639,3207.2500
1622354760942000,0,0.08690803,3213.8500
1622354795023000,0,0.02492871,3215.0200
1622354795036000,0,0.00000001,3215.0200
1622354993484000,0,0.13250712,3224.7600
1622354993492000,0,0.30850793,3224.7600
1622354993572000,0,0.02462813,3224.7600
1622354993651000,1,0.00338790,3224.7600
1622355360061000,0,0.03897375,3219.3500
1622355584250000,0,0.08730000,3225.8100
1622355584250000,0,0.00090000,3227.0000
1622355725281000,1,0.23134920,3240.2100
1622355977529000,0,0.17084804,3226.3200
1622356128697000,0,0.09000000,3226.3700
1622356330403000,0,0.23308172,3213.6600
1622356330871000,1,0.46721861,3205.4400
1622356330871000,1,0.00099373,3202.9100
1622356331474000,0,0.04376575,3213.6600
1622356635077000,1,3.10144970,3226.4100
1622356636194000,1,3.10207002,3226.4100
1622356636802000,1,2.48920377,3226.4100
1622357969722000,0,0.45572470,3296.3000
1622357969722000,0,0.45575233,3296.3600
1622357969722000,0,0.09180000,3297.1500
1622357969722000,0,0.09000000,3298.2600
1622357969722000,0,0.36823728,3298.8000
1622357969722000,0,0.26710689,3298.8100
1622357971583000,0,0.15814490,3293.1800
1622358079889000,0,0.45590499,3294.0000
1622358079889000,0,0.45590499,3295.8100
1622358079889000,0,0.75949652,3298.9100
1622358079889000,0,0.75990226,3299.0600
1622358079889000,0,0.36827640,3300.7400
1622358079889000,0,1.71317722,3300.7800
1622358079889000,0,0.92047401,3302.6800
1622358079889000,0,0.75936999,3302.6900
1622358079889000,0,1.55520310,3320.9800
1622358082734000,0,0.45580449,3296.0800
1622358082734000,0,0.41630872,3296.0900
1622358453058000,0,0.91585231,3292.0300
1622358874371000,1,0.09270000,3269.1300
1622358874371000,1,0.09180000,3268.4400
1622358874371000,1,0.09000000,3268.4000
1622358874371000,1,0.01252762,3267.5100
1622358874371000,1,0.21297238,3267.5000
1622358885530000,1,0.13075560,3267.1100
1622358885530000,1,0.08910000,3267.0400
1622358885530000,1,0.01228879,3266.3500
1622358885530000,1,0.03072197,3266.3500
1622358885530000,1,0.09270000,3266.3300
1622358885530000,1,0.07987713,3265.7000
1622358885530000,1,0.06455651,3265.6900
1622359276084000,1,0.54360342,3246.5100
1622359571037000,1,0.03422847,3245.6900
1622359668121000,0,0.37245693,3262.3000
1622359734179000,0,0.20219437,3267.4500
1622359803887000,0,0.09000000,3263.1200
1622359803887000,0,0.03647172,3263.7000
1622359826865000,0,0.01000000,3279.0700
1622360185090000,0,0.08910000,3284.3800
1622360537100000,0,0.45396306,3308.8800
1622360994581000,0,0.03025727,3304.9900
1622361176331000,1,0.08819582,3300.6100
1622361176416000,1,0.00000418,3300.6100
1622361176416000,1,0.10848307,3299.9400
1622361176416000,1,0.08820000,3299.9300
1622361176416000,1,0.02092109,3299.4600
1622361176602000,1,0.23641142,3299.4600
1622361176701000,0,0.08819582,3299.9300
1622361176701000,0,0.00180418,3299.9400
1622361176704000,0,0.10667355,3299.9400
1622361391171000,0,0.10114066,3310.3400
1622361553412000,0,0.02880916,3321.0500
1622361553427000,0,0.00000001,3321.0500
1622361635366000,0,0.08640000,3344.7800
1622361635366000,0,0.10127834,3344.9500
1622361660828000,1,0.09180000,3339.0400
1622361660948000,0,0.09000000,3338.4700
1622361661082000,0,2.99137024,3338.4700
1622361661701000,0,0.68642694,3338.4700
1622362021184000,1,0.06595000,3293.3400
1622362072270000,1,0.08640000,3292.6100
1622362072270000,1,0.01474066,3291.9100
1622362133296000,1,0.01700884,3295.4700
1622362873899000,1,0.06374433,3274.8100
1622362899968000,1,0.09000000,3265.8000
1622362900680000,1,3.06318529,3265.8000
1622362901129000,1,0.09000000,3265.8000
1622362901201000,1,0.69164385,3265.8000
1622362939982000,1,0.08910000,3247.0300
1622362939982000,1,0.09270000,3246.9900
1622362939982000,1,0.00587834,3246.1900
1622363883844000,0,0.08730000,3290.6700
1622363884006000,1,0.08729339,3290.6700
1622363999939000,0,0.09270000,3267.6400
1622363999939000,0,0.21176355,3268.5500
1622365256750000,0,0.27607680,3281.9700
1622365263534000,0,0.09488272,3281.9700
1622365263726000,0,0.00000001,3281.9700
1622366875659000,0,0.45477376,3301.9000
1622366875659000,0,0.09180000,3303.3900
1622366875659000,0,0.45456468,3303.4000
1622366875659000,0,0.70251829,3303.9600
1622369672127000,1,0.05621091,3246.6700
1622370541761000,0,0.08640000,3266.7300
1622370541761000,0,0.08730000,3267.1400
1622370541761000,0,0.08640000,3268.1200
1622370541761000,0,0.09180000,3268.1400
1622370541761000,0,0.14810000,3268.3600
1622371888277000,1,0.08345709,3245.9600
1622371952402000,0,0.22435646,3255.1700
1622372332640000,0,0.09738956,3274.1700
1622373196043000,1,0.08820000,3264.8400
1622373196043000,1,0.09000000,3264.0300
1622373196043000,1,0.08640000,3264.0200
1622373196043000,1,0.00704922,3263.2100
1622373196043000,1,0.01761849,3263.2100
1622373196043000,1,0.08550000,3263.2000
1622373196043000,1,0.04582084,3262.0300
1622373196043000,1,0.45892054,3262.0200
1622373196043000,1,0.82414764,3261.1200
1622375016215000,0,0.45685499,3287.2200
1622375016215000,0,0.45664569,3288.7400
1622375050533000,0,0.09270000,3291.5100
1622375050533000,0,0.33633679,3292.1800
1622375493884000,0,0.45687142,3291.7100
1622375604071000,0,0.03646512,3307.7900
1622375863623000,0,0.09180000,3310.5300
1622375863707000,1,0.09000000,3311.0000
1622375863878000,1,0.34108432,3311.0000
1622376333669000,0,0.34204029,3321.4800
1622376498657000,0,0.45212761,3323.3900
1622376499339000,0,0.16695601,3324.9200
1622376934577000,0,0.09000000,3340.7700
1622377028558000,1,0.13003920,3319.0600
1622377028558000,1,0.02223188,3319.0500
1622377028558000,1,0.00855577,3319.0500
1622377028558000,1,0.45122706,3318.8700
1622378889687000,1,0.01241303,3250.0000
1622378889687000,1,0.18547211,3249.9900
1622379044978000,1,1.73180430,3209.0000
1622379448377000,0,0.08640000,3239.5000
1622379448377000,0,0.08730000,3239.6900
1622379448377000,0,0.08730000,3240.4900
1622379448377000,0,0.09270000,3241.1000
1622379448377000,0,0.46357329,3241.1200
1622379448377000,0,0.37521165,3241.3100
1622379448377000,0,0.09180000,3241.3200
1622379448377000,0,0.93779806,3242.1000
1622379448377000,0,0.21862790,3242.7100
1622379448377000,0,0.46346009,3242.7200
1622379448377000,0,2.09582901,3244.5300
1622379859109000,1,0.09000000,3231.6400
1622379859109000,1,0.02626059,3230.0300
1622379859109000,1,0.08640000,3230.0200
1622379859109000,1,0.09180000,3229.9300
1622379859109000,1,0.06535925,3228.4200
1622379859109000,1,0.14018016,3228.4100
1622381581799000,1,0.34204029,3241.7000
1622384118913000,0,0.23038440,3254.7500
1622384953737000,1,0.03108751,3184.1300
1622384953737000,1,0.47029741,3183.8900
1622384953737000,1,0.07776782,3183.7300
1622384953737000,1,0.20219634,3180.8100
1622384953737000,1,0.32173346,3180.7900
1622384953744000,1,0.46202159,3180.7900
1622384953744000,1,0.64118525,3178.8600
1622384953826000,0,0.09000000,3179.2000
1622384953918000,1,0.00825185,3177.1500
1622385045407000,0,0.03158456,3186.0200
1622385117191000,1,1.10307445,3168.7900
1622385544722000,1,1.69150456,3213.7700
1622385834751000,1,1.62396678,3206.2000
1622385834751000,1,0.09270000,3205.5800
1622385834751000,1,0.01513752,3204.7800
1622387404116000,0,0.10852874,3216.1200
1622387743938000,1,0.03204460,3192.9600
1622388414538000,0,0.23038440,3198.8000
1622388785000000,0,1.28843478,3206.7700
1622390442050000,1,0.01779414,3293.2500
1622390442110000,1,0.00000001,3293.2500
1622390603316000,1,0.03455419,3281.8700
1622390910192000,1,0.08730000,3262.2000
1622390910192000,1,0.00794553,3261.3000
1622390910192000,1,0.08636217,3261.2900
1622391903722000,1,0.01127967,3327.2900
1622391904154000,1,0.00000001,3327.2900
1622392300755000,0,0.22701066,3328.9000
1622392834505000,1,0.09179999,3315.4800
1622393050240000,0,0.00966559,3312.7800
1622393218712000,1,1.12613658,3311.2800
1622393786109000,0,0.45210426,3322.9800
1622393813400000,1,0.00670459,3326.5300
1622393885187000,0,0.12893760,3335.8500
1622394122614000,1,0.22701214,3337.0900
1622394122625000,1,0.00000001,3337.0900
1622395028231000,1,0.09090000,3344.9300
1622395028231000,1,0.00121925,3344.4300
1622395093879000,1,0.01015940,3336.3200
1622395292362000,0,0.28255890,3339.8900
1622395386793000,0,0.12866136,3359.1600
1622395420772000,1,0.09090000,3353.5000
1622395420772000,1,0.00999448,3352.6800
1622395420772000,1,0.09270000,3352.6700
1622395420772000,1,0.02599158,3351.0000
1622395420772000,1,0.09000000,3350.9900
1622395420772000,1,0.08730000,3350.9800
1622395420772000,1,1.86250251,3349.3100
1622395536955000,1,1.06840196,3351.6600
1622395536978000,1,0.15019015,3351.6600
1622395537060000,1,0.19929717,3351.6600
1622395631290000,0,0.44830080,3350.2100
1622396148368000,1,0.00665036,3343.8600
1622396289938000,0,0.45402281,3350.1700
1622396521314000,0,0.08640000,3353.5400
1622396521314000,0,0.24656183,3353.7800
1622398899841000,0,0.10000000,3381.4300
1622398916814000,0,0.25958215,3381.4300
1622399243787000,1,0.09000000,3383.4700
1622399243963000,1,0.00269500,3383.4700
1622399305354000,0,0.09123462,3398.0000
1622399305860000,0,0.04363861,3398.2700
1622399493043000,1,0.00750491,3402.2400
1622399493043000,1,0.01467514,3401.2300
1622400588977000,0,0.12829152,3393.3200
1622400588977000,0,0.07796302,3393.3200
1622400588977000,0,0.21521184,3393.3300
1622400588977000,0,0.03346316,3393.3700
1622400990253000,0,0.12735432,3414.5700
1622400990253000,0,0.44007533,3414.5800
1622400990253000,0,0.11694454,3414.7500
1622400990253000,0,0.94166529,3414.7600
1622401642547000,1,0.01185085,3417.7000
1622401642547000,1,0.02962694,3417.7000
1622401642789000,1,0.00000001,3417.7000
1622401642897000,1,0.08729873,3417.6900
1622401642901000,0,0.04147525,3417.7000
1622401703173000,1,0.00000127,3417.6900
1622401706625000,0,0.43889886,3420.5300
1622401756751000,1,0.02343774,3431.8500
1622401756751000,1,0.00938041,3431.8500
1622401756751000,1,0.09180000,3431.3400
1622401756848000,1,0.02793108,3431.0600
1622402240924000,0,0.43641580,3427.8100
1622402240978000,0,0.00000001,3427.8100
1622403951691000,1,0.24417000,3440.1700
1622404135487000,0,0.44063557,3408.3400
1622404135487000,0,0.08820000,3408.9500
1622404135487000,0,0.44057172,3409.2300
1622404135487000,0,0.09180000,3409.6700
1622404135487000,0,0.12754152,3410.6700
1622404135487000,0,0.08460000,3410.6800
1622404135487000,0,0.06090861,3411.1300
1622404135487000,0,0.01416359,3411.1400
1622404399685000,1,0.01558507,3384.7900
1622404399685000,1,0.08910000,3384.2600
1622404399685000,1,0.01558627,3383.0600
1622404399685000,1,1.22814967,3383.0500
1622404999634000,1,0.00981154,3356.7400
1622404999634000,1,0.22738817,3356.7300
1622405427031000,0,0.45492954,3372.2600
1622406036483000,0,0.06721295,3416.2100
1622406036558000,0,0.02368705,3416.2100
1622406036558000,0,0.08730000,3416.8400
1622406036558000,0,0.02166695,3417.9100
1622406090157000,1,0.39558624,3407.2100
1622406090163000,1,0.04407855,3407.2100
1622406157699000,1,0.12765984,3393.6600
1622406157699000,1,0.03622510,3393.6500
1622406157699000,1,0.03622784,3393.0700
1622406157699000,1,0.13284905,3393.0600
1622406374900000,1,0.00760000,3404.7700
1622406999525000,1,0.09089999,3387.3600
1622407271494000,1,0.00000001,3387.3600
1622407679827000,1,0.01038525,3365.4300
1622407679827000,1,0.08127701,3365.4200
1622407679971000,1,0.01055684,3365.4200
1622408133404000,1,0.09000000,3391.5700
1622408144507000,1,1.11748165,3391.5700
1622408667012000,1,0.00734558,3364.1500
1622408869096000,0,0.08820000,3381.1100
1622408869096000,0,0.09090000,3382.6000
1622408869096000,0,0.09000000,3382.7100
1622408869096000,0,0.18602083,3382.8000
1622409310217000,1,0.01101836,3358.8400
1622409373205000,1,0.01101837,3362.8800
1622409494296000,0,0.08910000,3362.8000
1622412549583000,1,0.08820000,3348.4700
1622412549583000,1,0.00895340,3347.8000
1622412549583000,1,0.08730000,3347.6000
1622412549583000,1,0.05818585,3346.7200
1622412549583000,1,0.02237693,3346.7200
1622412549583000,1,0.08730000,3346.7100
1622412549583000,1,0.27510974,3346.3800
1622412550089000,1,0.09000000,3348.1800
1622412550089000,1,0.17228732,3346.3800
1622412550089000,1,0.08820000,3345.7700
1622412550089000,1,0.05719497,3344.3700
1622412550089000,1,0.04743854,3344.3600
1622414417154000,1,0.09180000,3316.5000
1622414417154000,1,0.02509042,3314.8600
1622414417154000,1,0.16566848,3314.8500
1622415281497000,1,0.04261561,3320.7000
1622415281497000,1,0.10654074,3320.7000
1622415281497000,1,0.45083665,3320.6900
1622415281497000,1,0.27700371,3319.7200
1622415281497000,1,0.19849511,3319.1000
1622415281502000,1,0.25255345,3319.1000
1622415281502000,1,0.39000000,3318.4300
1622415281502000,1,0.43293837,3318.3900
1622415281505000,1,0.31831124,3318.3900
1622415281505000,1,0.75718058,3315.9000
1622415635246000,1,0.09000000,3306.8700
1622415649571000,1,0.12969432,3306.8700
1622415788410000,0,0.17614999,3327.3000
1622416266340000,0,0.64099001,3315.3800
1622416267333000,0,0.27895339,3315.3800
1622416483968000,0,1.72862120,3300.2200
1622418153486000,1,0.03024337,3306.5100
