timestamp ms,type,amount,price
1622246457759000,1,0.08910000,3238.9300
1622246457759000,1,0.09000000,3238.1100
1622246457759000,1,0.04925250,3237.3200
1622246457759000,1,0.09180000,3237.3100
1622246457759000,1,0.09090000,3237.1900
1622246457759000,1,0.23409343,3235.7200
1622246584168000,1,0.11063448,3258.2000
1622247276817000,0,0.31779916,3285.6600
1622247445182000,0,0.09000000,3297.6500
1622247445182000,0,0.09090000,3298.3600
1622247445182000,0,0.13569338,3298.4700
1622248475767000,1,0.18689399,3293.5400
1622249648724000,0,0.08640000,3348.6200
1622249648724000,0,1.46547720,3350.2900
1622249648724000,0,0.09090000,3350.3000
1622249648724000,0,0.08730000,3351.1400
1622249648724000,0,0.03113665,3351.9600
1622251476428000,0,0.36126858,3372.0800
1622252552544000,0,0.08910000,3381.6100
1622252552544000,0,0.44447893,3381.8900
1622252552544000,0,0.44427849,3383.6900
1622252552544000,0,0.89963721,3385.6900
1622252552544000,0,0.36200381,3385.7000
1622252935357000,1,0.06435827,3350.6400
1622253333614000,1,0.09090000,3331.4200
1622253333614000,1,0.09090000,3331.4100
1622253333614000,1,0.08730000,3330.5500
1622253333614000,1,0.01894039,3329.7700
1622253333614000,1,1.47317346,3329.7600
1622254262651000,1,0.20046864,3379.9800
1622254435280000,0,0.25000000,3380.0400
1622255350031000,1,0.08820000,3333.7900
1622255350031000,1,0.01615904,3332.7600
1622255350031000,1,0.04039759,3332.7600
1622255350031000,1,0.08910000,3332.7400
1622255350031000,1,0.01614337,3332.5200
1622256059835000,1,0.44967468,3330.8800
1622256059835000,1,0.13096440,3328.1700
1622256059835000,1,0.00716137,3328.1600
1622256059835000,1,0.01790341,3328.1600
1622256059835000,1,0.45011973,3328.1500
1622256059835000,1,0.03293742,3327.0100
1622256060124000,1,0.04654539,3328.1800
1622258602504000,0,0.09270000,3342.3300
1622259125101000,1,0.26777137,3360.6100
1622259125125000,1,0.09000000,3360.6100
1622259125316000,1,2.21194234,3360.6100
1622260067264000,1,1.50000000,3344.0000
1622260121684000,1,0.50000000,3340.0000
1622260616013000,0,0.09180000,3336.1000
1622263127266000,0,0.27855871,3368.5200
1622263174830000,1,2.97465223,3365.0000
1622263175296000,1,0.44639822,3365.0000
1622263175317000,1,2.97589433,3365.0000
1622263175659000,1,0.34941788,3365.0000
1622263175711000,1,0.09000000,3365.0000
1622263175829000,1,2.97708209,3365.0000
1622263175852000,1,0.13014648,3365.0000
1622263175891000,1,0.17111739,3365.0000
1622263176347000,1,2.97705950,3365.0000
1622263176865000,1,1.97431806,3365.0000
1622263636653000,0,0.07670582,3364.9200
1622264582393000,0,0.17614999,3292.9100
1622264921152000,0,0.36754528,3312.7900
1622264921206000,0,0.00000001,3312.7900
1622265473228000,1,0.38999999,3359.7300
1622265521324000,0,2.95561384,3380.0000
1622265521782000,0,2.95542302,3380.0000
1622265522335000,0,2.95533778,3380.0000
1622265522745000,0,0.09000000,3380.0000
1622265522845000,0,2.95508189,3380.0000
1622265523361000,0,2.95446011,3380.0000
1622265524395000,0,0.20016953,3380.0000
1622265524513000,0,0.00000001,3380.0000
1622266324212000,0,0.14047149,3416.0600
1622266761843000,1,0.07343194,3417.4300
1622266761843000,1,0.02937690,3417.4300
1622266761843000,1,0.13972918,3416.4800
1622269886774000,0,0.06674204,3437.5400
1622269942174000,0,0.09090000,3432.1700
1622269942174000,0,0.03792240,3433.0800
1622270105073000,0,0.09090000,3430.9800
1622270105073000,0,0.00881489,3431.0000
1622271025139000,1,0.09000000,3399.0000
1622271027161000,1,0.00123462,3399.0000
1622275125747000,1,0.29827755,3356.6400
1622277428904000,0,0.13075845,3319.2500
1622279776810000,1,0.08199054,3277.3600
1622279854889000,1,0.25000000,3250.0000
1622279854889000,1,0.05000000,3250.0000
1622280769485000,1,1.93372993,3229.9000
1622284576262000,0,1.73571332,3262.3800
1622285940783000,0,0.16594194,3268.7000
1622286201465000,1,0.50000000,3260.0000
1622286932355000,1,0.07693089,3252.0600
1622286932357000,1,0.00946911,3252.0600
1622286932357000,1,0.07757337,3251.4500
1622286932497000,1,0.04254936,3251.9100
1622287228226000,0,0.46653108,3221.4400
1622287228356000,1,0.46653108,3222.1100
1622287228512000,1,3.10940716,3222.1100
1622287229635000,1,3.10885223,3222.1100
1622287230138000,1,3.10883485,3222.1100
1622287230757000,1,3.10894314,3222.1100
1622287231313000,1,2.43525537,3222.1100
1622287384568000,1,0.04988765,3208.8100
1622287629186000,0,0.06680929,3255.0600
1622287629865000,0,0.00000001,3255.0600
1622287666000000,1,0.45878221,3264.9300
1622287666302000,0,3.05799080,3264.9300
1622287666919000,0,3.05802186,3264.9300
1622287667111000,0,0.45878221,3264.9300
1622287667488000,0,3.05912029,3264.9300
1622287668069000,0,3.05829906,3264.9300
1622287668446000,0,0.45871547,3264.9300
1622287668703000,0,2.19464301,3264.9300
1622287833656000,0,1.21090652,3295.0000
1622289412608000,0,0.05000000,3340.0000
1622289511003000,1,0.01624212,3329.8900
1622289769077000,1,0.01935630,3278.3800
1622290762873000,1,0.05562342,3259.0900
1622290860923000,1,0.46070488,3252.9700
1622291158145000,0,0.08820000,3260.3700
1622291158145000,0,0.09180000,3260.3800
1622291158145000,0,0.09180000,3261.0600
1622291158145000,0,0.46084901,3262.0200
1622291158145000,0,0.93088398,3264.1100
1622291158145000,0,0.46062844,3264.1200
1622291158145000,0,1.58217409,3265.3000
1622291158145000,0,0.76907640,3265.3100
1622291158145000,0,0.52458808,3266.3000
1622291716457000,1,0.09000000,3256.4100
1622291717563000,1,0.14148190,3256.4100
1622292125706000,0,0.22596703,3227.1900
1622292125797000,0,0.00000001,3227.1900
1622292126127000,1,0.09270000,3220.5000
1622292126127000,1,0.02305609,3220.4200
1622292126127000,1,0.09000000,3220.4100
1622292126127000,1,0.02572581,3218.9000
1622292456025000,0,0.09179999,3223.5100
1622292496772000,0,0.00000001,3223.5100
1622294714043000,1,0.09000000,3167.9200
1622294714043000,1,0.09270000,3167.7200
1622294714043000,1,0.09000000,3166.6100
1622294714043000,1,0.36169254,3166.3400
1622295248289000,1,0.01157469,3139.7000
1622295248488000,1,0.06537922,3139.7000
1622295828873000,0,0.08640000,3167.6000
1622295828873000,0,0.09540000,3168.6500
1622295828873000,0,0.47434052,3169.1800
1622295828873000,0,0.47418496,3170.1400
1622295828873000,0,0.38288279,3172.0700
1622295828873000,0,0.33662117,3172.0700
1622296125646000,0,0.01462770,3200.0000
1622296467107000,1,0.09000000,3183.3300
1622296467107000,1,0.09180000,3182.0200
1622296467107000,1,0.08820000,3182.0100
1622296467107000,1,0.09462186,3181.8300
1622296467107000,1,0.47083998,3181.8200
1622296467107000,1,0.23660237,3180.4300
1622296467107000,1,0.61514491,3180.4300
1622296467107000,1,0.16262032,3180.4200
1622296567052000,1,0.13052016,3187.5300
1622296651853000,0,0.00000001,3200.0000
1622296652710000,0,0.14838699,3205.9600
1622297086361000,0,0.17615000,3247.3000
1622297086361000,0,0.08640000,3249.0300
1622297086361000,0,0.23745000,3249.3100
1622297291005000,0,0.46086441,3262.1200
1622298944862000,1,0.09180000,3178.7800
1622298945076000,0,0.90820000,3178.5300
1622299892292000,0,2.00000000,3182.0000
1622300994531000,0,0.09270000,3148.9000
1622300994531000,0,0.00730000,3149.8400
1622301205016000,1,0.50000000,3109.0000
1622301544766000,0,1.57010276,3107.4400
1622301590936000,1,0.00687323,3106.5800
1622301994004000,1,0.00700000,3101.6000
1622301994004000,1,0.06451612,3100.0000
1622301994004000,1,0.10118313,3100.0000
1622301995038000,1,0.09881686,3100.0000
1622302000066000,1,0.00000001,3100.0000
1622302126005000,1,0.13291080,3060.3500
1622302126005000,1,0.00913244,3060.3500
1622302445088000,0,0.48519316,3097.9300
1622302445088000,0,0.08820000,3098.0500
1622302445088000,0,0.08910000,3099.2700
1622302445088000,0,0.39000000,3099.5900
1622302445088000,0,0.48493089,3100.2700
1622302445088000,0,0.36061732,3105.3300
1622302662454000,1,0.07023336,3093.7300
1622302863233000,1,1.61089364,3106.3100
1622302863233000,1,0.06613224,3101.7700
1622302863233000,1,0.22101549,3101.7600
1622302896180000,0,0.09180000,3109.1600
1622302896180000,0,0.23116237,3110.7100
1622302904920000,0,0.08910000,3107.7700
1622303714850000,0,0.09000000,3082.1200
1622303714855000,0,1.35958811,3082.1200
1622303718156000,0,0.25610020,3082.1200
1622304087940000,1,0.20000000,3060.3500
1622305873352000,1,0.02000000,3095.9300
1622307044850000,0,0.09000000,3127.7600
1622307044850000,0,0.38973830,3128.1700
1622307752573000,1,0.09270000,3114.8000
1622307752573000,1,0.08730000,3114.6600
1622307752573000,1,0.07000000,3114.6500
1622307956847000,1,0.10000000,3100.0000
1622308923772000,1,0.04731625,3049.1700
1622308924928000,0,0.08999999,3047.9800
1622308924930000,0,0.00000001,3047.9800
1622309143040000,1,1.64790413,3046.0000
1622309337463000,1,0.01897531,3030.4300
1622309337463000,1,0.04769130,3029.4900
1622309337463000,1,0.09000000,3028.9500
1622309337463000,1,0.12399819,3028.2600
1622309440643000,1,0.09180000,3037.8300
1622309440643000,1,0.49320719,3036.5900
1622309440667000,1,0.02910203,3036.2200
1622309440667000,1,0.07275333,3036.2200
1622310100317000,1,3.33194612,3004.0000
1622310100839000,1,1.66805388,3004.0000
1622310161230000,1,0.05420570,3007.7000
1622310161230000,1,0.02168228,3007.6900
1622310161230000,1,0.00733439,3007.6800
1622310281201000,1,0.08312054,3002.7900
1622310401311000,1,0.08325590,3004.2400
1622310443191000,1,0.01000000,3000.0000
1622310443191000,1,0.08000000,3000.0000
1622310466526000,1,0.02000000,3000.0000
1622310625360000,1,0.50149523,2986.2000
1622310625360000,1,0.09089999,2986.1400
1622310630205000,1,0.25207846,2986.2000
1622310630690000,1,0.00899998,2985.7000
1622310631071000,1,0.00000002,2985.7000
1622310881858000,1,0.08389571,2975.9100
1622311001929000,1,0.08400791,2989.7000
1622311122034000,1,0.08362043,2973.9600
1622311617580000,0,0.08910000,2986.8800
1622311617580000,0,0.09180000,2987.1400
1622311617580000,0,0.08910000,2987.8100
1622311617580000,0,0.03000000,2988.3700
1622311899213000,1,0.00700000,2945.0000
1622312240942000,1,0.02635150,2931.4900
1622312683824000,1,0.08511507,2937.7600
1622312803848000,1,0.08511507,2945.1800
1622313327105000,1,0.30000000,2980.4800
1622313506838000,0,0.39327922,2976.8000
1622313652272000,1,0.09089999,2965.7800
1622313652301000,1,0.00000001,2965.7800
1622314016780000,1,0.09090000,2941.4500
1622314016780000,1,0.04724640,2941.0900
1622314016879000,1,0.03915360,2941.0900
1622314016879000,1,0.06443821,2939.9900
1622314016879000,1,0.09090000,2939.9800
1622314016879000,1,0.45750819,2938.5400
1622314271028000,1,0.09122770,2948.9800
1622314271077000,1,0.07162437,2948.9800
1622314485030000,1,0.07220964,2933.8000
1622314485030000,1,0.01269326,2933.7900
1622314506509000,0,0.14239113,2947.3100
1622314640040000,1,1.28862920,2952.6200
1622314725272000,1,0.08473197,2952.6000
1622315137981000,0,0.22905300,2974.6900
1622315602883000,1,0.05306251,2922.5900
1622315602904000,1,0.00000001,2922.5900
1622315718897000,0,0.09263099,2919.2500
1622315718971000,0,0.00000001,2919.2500
1622315720761000,1,0.12209651,2917.4200
1622315895747000,1,0.09000000,2904.0000
1622315896350000,1,0.43085773,2904.0000
1622315896354000,1,0.04985744,2904.0000
1622315896357000,1,0.09633461,2904.0000
1622315896926000,1,0.10888936,2904.0000
1622315897216000,1,0.36551124,2904.0000
1622315897227000,1,0.03358315,2904.0000
1622315897941000,1,0.09000000,2904.0000
1622315899059000,1,0.09000000,2904.0000
1622315899297000,1,0.67478740,2904.0000
1622315988887000,1,0.13592185,2897.8200
1622315988891000,1,0.13983744,2897.8200
1622315988986000,0,0.09000000,2902.9800
1622315988986000,0,0.01000000,2903.5100
1622316278615000,0,0.21988500,2893.3900
1622316470740000,1,0.08909999,2886.3700
1622316585465000,1,0.00000001,2886.3700
1622316647159000,1,0.08664409,2869.4400
1622316650698000,0,0.14118288,2876.8600
1622316650698000,0,0.38978947,2876.8700
1622316650711000,0,0.00000001,2876.8700
1622316663724000,0,0.29286520,2884.4300
1622316839885000,0,0.81235322,2925.2800
1622316907121000,0,0.03422847,2939.9500
1622317018311000,1,0.39673368,2926.5300
1622317018350000,1,0.09000000,2926.5300
1622317018894000,1,0.32485370,2926.5300
1622317735024000,1,0.07527093,2942.8800
1622317735058000,1,0.13885055,2933.8300
1622318507066000,1,0.08820000,2960.3800
1622318507066000,1,0.01966494,2958.9100
1622318507066000,1,0.08910000,2958.9000
1622318507066000,1,0.09270000,2958.8800
1622318507066000,1,1.74015599,2957.4200
1622318919617000,0,0.04542776,2971.2800
1622318987093000,1,0.00700000,2961.5000
1622320572271000,1,0.09747231,2907.6100
1622320789597000,0,0.09090000,2955.0600
1622320789597000,0,0.09090000,2956.0600
1622320789597000,0,0.09270000,2956.0700
1622320789597000,0,0.22550000,2956.5300
1622321133543000,1,0.02420567,2946.8700
1622321133570000,1,0.00000001,2946.8700
1622321133592000,1,0.06052282,2945.9400
1622321133592000,1,0.15731238,2945.6300
1622321157090000,0,0.31778488,2949.2200
1622321160477000,1,0.07978430,2950.6900
1622321162141000,1,0.07979397,2949.2200
1622321353880000,1,0.16411064,2931.9200
1622322202056000,0,1.02953271,2956.2400
1622322555132000,0,0.50584008,2968.6600
1622322555132000,0,0.50559324,2970.1100
1622322555132000,0,0.08820000,2970.1500
1622322555132000,0,0.09270000,2971.1300
1622322555132000,0,1.72273930,2971.5700
1622322555132000,0,0.08820000,2971.8400
1622322555132000,0,0.84292817,2972.4600
1622322555132000,0,0.08640000,2972.5100
1622322555132000,0,0.40886222,2975.2000
1622322555132000,0,0.65853699,2975.2000
1622322556089000,0,0.10399579,2968.6600
1622322728920000,0,0.09180000,2969.8600
1622322813866000,0,0.10037276,2982.0400
1622322845430000,0,0.04363861,2982.4500
1622322910622000,0,0.05574599,2980.0200
1622323324506000,0,0.50314401,2985.9600
1622323324506000,0,1.29237570,2986.9100
1622323324506000,0,1.71462425,2986.9200
1622323324506000,0,0.09090000,2987.8100
1622323324506000,0,0.50294785,2987.8400
1622323324506000,0,0.01678799,2988.4200
1622323324506000,0,0.40690868,2988.4300
1622323324506000,0,0.08820000,2988.4400
1622323324506000,0,0.09090000,2989.3400
1622323324506000,0,0.29321152,2989.5000
1622323367724000,0,0.50379217,2981.5400
1622323367724000,0,0.50372092,2983.0800
1622323367724000,0,0.83985431,2983.7300
1622323367724000,0,0.10624680,2986.2400
1622323367724000,0,0.05883524,2986.2500
1622323368511000,0,0.05883524,2981.5400
1622323375426000,0,0.23108281,2981.5400
1622323590010000,1,1.69541694,2972.6000
1622323590010000,1,0.84599237,2972.5500
1622323644841000,0,0.50721702,2961.2100
1622323644848000,0,0.00000001,2961.2100
1622323645046000,1,0.09000000,2962.6900
1622324215490000,0,0.02361811,2965.5200
1622324253393000,0,0.09000000,2975.0000
1622324254422000,0,0.09000000,2975.0000
1622324255268000,0,0.13038582,2975.0000
1622324255457000,0,0.09000000,2975.0000
1622324256466000,0,0.09000000,2975.0000
1622324259362000,0,0.09000000,2975.0000
1622324260707000,0,0.09000000,2975.0000
1622324265506000,1,0.02361811,2966.4000
1622324280294000,0,1.34206362,2975.0000
1622324345604000,0,0.01560267,2988.5900
1622324622162000,0,0.13173711,2985.1500
1622325069072000,0,0.08820000,3027.2000
1622325069072000,0,0.49618609,3027.9600
1622325069072000,0,0.09090000,3028.0600
1622325069072000,0,0.09270000,3028.4800
1622325069072000,0,0.08550000,3029.2200
1622325069072000,0,0.49623312,3029.5700
1622325069072000,0,0.24601500,3029.9200
1622325069072000,0,0.38081458,3029.9300
1622325069444000,0,0.00825185,3028.4100
1622325399097000,1,0.98403345,3012.7100
1622325562290000,0,0.08640000,3038.3000
1622325562523000,0,0.20651226,3039.1900
1622325562683000,1,0.08640000,3038.3000
1622326270987000,0,0.02371053,3031.6800
1622326283952000,0,1.73773662,3031.6700
1622326284015000,1,0.09000000,3031.6700
1622326284061000,1,2.03186056,3031.6700
1622326320383000,0,0.13643529,3027.2300
1622326412427000,1,0.01560267,3007.8800
1622328367444000,1,0.21948529,3037.8800
1622328696880000,1,1.77817783,3002.6900
1622329413426000,0,0.09000000,3014.5600
1622329416708000,0,2.53449974,3014.5600
1622329523244000,0,2.60989513,3022.4800
1622330266613000,1,0.08820000,3038.1600
1622330266613000,1,0.09000000,3037.5100
1622330266613000,1,0.49318369,3037.3600
1622330266613000,1,0.09270000,3036.6100
1622330266613000,1,1.21246510,3036.0000
1622330661798000,1,0.12512265,3043.7000
1622330755630000,0,0.03267151,3060.7700
1622331258449000,0,0.08730000,3101.5000
1622331258449000,0,0.09090000,3102.5900
1622331258449000,0,0.09090000,3104.1500
1622331258449000,0,0.08550000,3104.9300
1622331258449000,0,0.27193000,3105.0500
1622331258449000,0,1.30633727,3105.6900
1622331451820000,0,0.48565295,3093.4500
1622331451820000,0,0.36835962,3094.5800
1622331773720000,1,0.61858298,3080.3200
1622332617363000,0,0.11365536,3060.8100
1622332617363000,0,0.37731364,3060.8200
1622332617593000,0,0.11366127,3060.8200
