timestamp ms,type,amount,price
1628122215709000,1,175.25312499,0.00002179
1628122216599000,1,175.25312499,0.00002176
1628122310239000,0,175.25312499,0.00002188
1628122310314000,0,175.25312499,0.00002188
1628123333375000,0,175.25312499,0.00002167
1628125117585000,1,175.25312499,0.00002139
1628125393168000,1,1405.53937283,0.00002136
1628125421180000,0,1404.58530416,0.00002140
1628125442638000,0,1403.94923644,0.00002141
1628125445187000,0,1403.29150504,0.00002142
1628126940861000,1,175.25312499,0.00002151
1628136573917000,0,175.25312499,0.00002189
1628146871182000,1,1385.14532977,0.00002188
1628146871840000,1,71.43002668,0.00002186
1628147391403000,0,175.25312499,0.00002216
1628148426601000,1,544.23001661,0.00002217
1628151298570000,0,1320.05233799,0.00002305
1628151341259000,1,175.25312499,0.00002316
1628151341288000,1,175.25312499,0.00002316
1628151342196000,1,175.25312499,0.00002313
1628151648193000,0,72.04785737,0.00002316
1628153179670000,1,91.89794168,0.00002332
1628153216276000,0,91.89794168,0.00002342
1628153431073000,0,475.00000000,0.00002350
1628153611532000,1,91.96310596,0.00002331
1628153611532000,1,0.16855765,0.00002329
1628153612447000,1,69.03609902,0.00002328
1628153612447000,1,569.19703863,0.00002327
1628153624942000,1,72.16661095,0.00002324
1628153625185000,1,3888.12814235,0.00002323
1628153625756000,1,71.61976436,0.00002324
1628153761458000,0,1321.77679041,0.00002326
1628153766597000,0,91.96310596,0.00002329
1628154007540000,0,175.25312499,0.00002327
1628154145295000,0,3278.06241661,0.00002345
1628154191016000,0,1307.25666836,0.00002351
1628154238702000,0,175.25312499,0.00002355
1628154238742000,0,175.25312499,0.00002355
1628154535892000,1,161.00000000,0.00002344
1628154803145000,1,11081.39250348,0.00002340
1628155222745000,0,1330.47018488,0.00002326
1628155464518000,1,175.25312499,0.00002337
1628155592461000,1,175.25312499,0.00002355
1628155592496000,1,175.25312499,0.00002355
1628155720389000,0,71.14350250,0.00002372
1628155720389000,0,1304.99585532,0.00002373
1628155720389000,0,68.64327976,0.00002373
1628155720389000,0,3262.00033083,0.00002374
1628155720389000,0,67.98347593,0.00002375
1628156324805000,1,67.30168819,0.00002337
1628156343733000,1,67.98063000,0.00002334
1628156368256000,1,72.37509141,0.00002326
1628156368256000,1,2870.00597859,0.00002325
1628156368823000,1,70.36856956,0.00002326
1628156368823000,1,2728.63740903,0.00002325
1628156377560000,1,91.99223803,0.00002319
1628156720742000,0,1325.13050864,0.00002341
1628156720742000,0,91.99223803,0.00002341
1628156720840000,0,175.25312499,0.00002343
1628156993874000,1,175.25312499,0.00002344
1628157547151000,1,70.88692759,0.00002338
1628157547151000,1,64.84903111,0.00002337
1628157547680000,1,67.36794080,0.00002338
1628157548199000,1,68.96130921,0.00002337
1628157548990000,1,77.55784423,0.00002335
1628157552048000,0,69.77705337,0.00002337
1628158583452000,1,175.25312499,0.00002354
1628159037946000,0,556.04843428,0.00002366
1628160298018000,1,110.63170705,0.00002379
1628160298873000,1,110.63170705,0.00002379
1628160299636000,1,110.63170705,0.00002379
1628160300324000,1,110.63170705,0.00002379
1628160301025000,1,110.63170705,0.00002379
1628160301697000,1,110.63170705,0.00002379
1628160302661000,1,110.63170705,0.00002379
1628160696398000,1,175.25312499,0.00002390
1628161445743000,0,2000.00000000,0.00002400
1628161572248000,1,70.70858245,0.00002395
1628161695258000,1,2817.63442101,0.00002400
1628161787327000,1,69.97017289,0.00002399
1628162126094000,1,85.27879000,0.00002395
1628162129313000,1,4.27862127,0.00002395
1628162336073000,1,175.25312499,0.00002391
1628162340197000,1,175.25312499,0.00002383
1628164223419000,1,175.25312499,0.00002364
1628164444663000,0,89.55741127,0.00002368
1628165212702000,0,28.92304457,0.00002378
1628165948117000,1,69.54505647,0.00002331
1628166069636000,0,175.25312499,0.00002331
1628167382407000,1,68.96855799,0.00002304
1628167382912000,1,1354.62602761,0.00002303
1628167385559000,1,175.25312499,0.00002301
1628167385631000,1,1184.98969516,0.00002301
1628167385631000,1,91.84173913,0.00002300
1628167414701000,1,67.94414577,0.00002297
1628167503997000,1,1363.19386890,0.00002296
1628167506369000,1,69.37705294,0.00002297
1628167507353000,1,2965.31734771,0.00002296
1628167512698000,1,1109.95706000,0.00002291
1628167513419000,1,175.25312499,0.00002287
1628167515431000,1,8790.02494077,0.00002287
1628167520129000,1,69.34334695,0.00002291
1628167580752000,0,1090.88885000,0.00002299
1628167590050000,0,1090.88885000,0.00002304
1628167598759000,0,91.84173913,0.00002309
1628167598759000,0,70.39786662,0.00002309
1628167599307000,0,175.25312499,0.00002309
1628167737947000,0,1366.38610926,0.00002314
1628168285659000,0,1355.33765088,0.00002300
1628168291660000,0,1948.52791003,0.00002304
1628168295549000,0,554.64007216,0.00002304
1628168298929000,0,7964.05010968,0.00002301
1628168408830000,1,1355.00743946,0.00002293
1628172432428000,0,175.25312499,0.00002293
1628173882690000,1,572.21057020,0.00002275
1628178531534000,1,68.90596341,0.00002263
1628178532055000,1,68.82134575,0.00002263
1628178532343000,1,175.25312499,0.00002264
1628178532561000,1,68.49980678,0.00002263
1628178533089000,1,71.46613859,0.00002263
1628178533581000,1,93.37621573,0.00002262
1628178537236000,0,175.25312499,0.00002268
1628178590223000,1,1349.85636059,0.00002250
1628178676240000,1,1048.40841671,0.00002252
1628178778755000,0,72.34391393,0.00002261
1628178779274000,0,68.07195854,0.00002261
1628178871865000,0,93.37621573,0.00002265
1628178954973000,1,1354.39043408,0.00002264
1628178956288000,1,432.57845410,0.00002258
1628179947970000,0,69.04482427,0.00002232
1628179947970000,0,68.26301929,0.00002233
1628179947970000,0,570.58507193,0.00002233
1628179947970000,0,1348.22247027,0.00002233
1628182994861000,0,1340.63777656,0.00002216
1628183705115000,1,500.00000000,0.00002200
1628183710886000,1,72.70848039,0.00002194
1628183711199000,0,40.81822677,0.00002194
1628183740462000,0,71.82457954,0.00002197
1628184764544000,0,175.25312499,0.00002191
1628184765287000,0,175.25312499,0.00002191
1628185647883000,1,175.25312499,0.00002186
1628186413786000,1,175.25312499,0.00002161
1628190018188000,0,72.64227564,0.00002165
1628190018702000,0,71.46229322,0.00002165
1628190018702000,0,71.05584974,0.00002166
1628190018702000,0,6498.17105371,0.00002166
1628190688611000,0,11277.74381341,0.00002148
1628217794091000,1,2000.00000000,0.00002140
1628230616004000,1,71.66257364,0.00002137
1628231349148000,0,71.62268033,0.00002133
1628242818665000,1,1343.99806479,0.00002157
1628249877941000,0,569.75919793,0.00002160
1628251340179000,1,70.84183540,0.00002159
1628251340677000,1,68.87330991,0.00002159
1628251769041000,0,71.65275556,0.00002162
1628259338423000,0,1339.39223579,0.00002157
1628265525939000,1,1311.96247270,0.00002141
1628265539878000,0,175.25312499,0.00002130
1628265572571000,0,1308.16648796,0.00002129
1628265578240000,0,67.65503897,0.00002130
1628265811061000,1,28.92304457,0.00002101
1628266013380000,1,1308.97142429,0.00002103
1628266130308000,1,1000.00000000,0.00002100
1628266291076000,0,1068.87828000,0.00002097
1628266291076000,0,68.83877542,0.00002097
1628266291076000,0,68.98862047,0.00002098
1628266297529000,0,71.36672365,0.00002099
1628266297529000,0,555.17635554,0.00002099
1628266348978000,0,73.69692611,0.00002101
1628270912418000,0,1320.08389143,0.00002082
1628270912418000,0,3300.20972857,0.00002082
1628272871950000,1,1072.70774000,0.00002086
1628279294768000,1,1316.95234596,0.00002083
1628279294768000,1,3293.76290678,0.00002083
